%% This BibTeX bibliography file was created using BibDesk.
%% http://bibdesk.sourceforge.net/

%% Created for Ebru Ger (eger) at 2019-10-25 12:49:08 +0200 


%% Saved with string encoding Unicode (UTF-8) 


@comment{jabref-meta: databaseType:bibtex;}



@book{pinker2009language,
	Author = {Pinker, Steven},
	Date-Added = {2019-10-25 12:48:55 +0200},
	Date-Modified = {2019-10-25 12:49:02 +0200},
	Keywords = {Language learning},
	Publisher = {Harvard University Press},
	Title = {Language learnability and language development, with new commentary by the author},
	Volume = {7},
	Year = {2009}}

@article{kabak2011turkish,
	Author = {Kabak, Bari{\c{s}}},
	Date-Added = {2019-10-25 12:35:47 +0200},
	Date-Modified = {2019-10-25 12:35:58 +0200},
	Journal = {The Blackwell companion to phonology},
	Keywords = {Vowel harmony, Turkish},
	Pages = {1--24},
	Publisher = {Wiley Online Library},
	Title = {Turkish vowel harmony},
	Year = {2011}}

@techreport{chomsky1964aspects,
	Author = {Chomsky, Noam},
	Date-Added = {2019-10-25 12:35:08 +0200},
	Date-Modified = {2019-10-25 12:35:17 +0200},
	Institution = {MASSACHUSETTS INST OF TECH CAMBRIDGE RESEARCH LAB OF ELECTRONICS},
	Keywords = {Syntax},
	Title = {Aspects of the Theory of Syntax},
	Year = {1964}}

@incollection{durgunouglu2003recognizing,
	Author = {Durguno{\u{g}}lu, Aydin Y{\"u}cesan},
	Booktitle = {Reading complex words},
	Date-Added = {2019-10-24 13:55:42 +0200},
	Date-Modified = {2019-10-24 13:55:53 +0200},
	Keywords = {Morphological awareness, Turkish},
	Pages = {81--92},
	Publisher = {Springer},
	Title = {Recognizing morphologically complex words in Turkish},
	Year = {2003}}

@article{gleitman1990structural,
	Author = {Gleitman, Lila},
	Date-Added = {2019-10-22 11:34:28 +0200},
	Date-Modified = {2019-10-22 11:34:39 +0200},
	Journal = {Language acquisition},
	Keywords = {Syntactic bootstrapping},
	Number = {1},
	Pages = {3--55},
	Publisher = {Taylor \& Francis},
	Title = {The structural sources of verb meanings},
	Volume = {1},
	Year = {1990}}

@book{peirce2018building,
	Author = {Peirce, Jonathan and MacAskill, Michael},
	Date-Added = {2019-10-22 11:18:25 +0200},
	Date-Modified = {2019-10-22 11:18:33 +0200},
	Keywords = {Psychopy},
	Publisher = {Sage},
	Title = {Building experiments in PsychoPy},
	Year = {2018}}

@article{naigles2006language,
	Author = {Naigles, Letitia R and K{\"u}ntay, Aylin C and G{\"o}ksun, Tilbe and others},
	Date-Added = {2019-10-22 11:13:30 +0200},
	Date-Modified = {2019-10-22 11:13:52 +0200},
	Keywords = {Syntactic bootstrapping},
	Publisher = {Citeseer},
	Title = {Language-Specific Properties Influence Childrens Acquisition of Argument Structure},
	Year = {2006},
	Bdsk-File-1 = {YnBsaXN0MDDSAQIDBFxyZWxhdGl2ZVBhdGhZYWxpYXNEYXRhXxBhLi4vLi4vLi4vLi4vLi4vLi4vVXNlcnMvZWdlci9zd2l0Y2hkcml2ZS9DYXVzYWxpdHkgcHJvamVjdC9saXRlcmF0dXJlL0ZpbGVzL05haWdsZXNfZXRhbDIwMDZhLnBkZk8RAagAAAAAAagAAgAADE1hY2ludG9zaCBIRAAAAAAAAAAAAAAAAAAAAAAAAABCRAAB/////xVOYWlnbGVzX2V0YWwyMDA2YS5wZGYAAAAAAAAAAAAAAAAAAAAAAAAAAAAAAAAAAAAAAAAAAAAAAAAAAAAAAAD/////AAAAAAAAAAAAAAAA/////wAACiBjdQAAAAAAAAAAAAAAAAAFRmlsZXMAAAIAUS86VXNlcnM6ZWdlcjpzd2l0Y2hkcml2ZTpDYXVzYWxpdHkgcHJvamVjdDpsaXRlcmF0dXJlOkZpbGVzOk5haWdsZXNfZXRhbDIwMDZhLnBkZgAADgAsABUATgBhAGkAZwBsAGUAcwBfAGUAdABhAGwAMgAwADAANgBhAC4AcABkAGYADwAaAAwATQBhAGMAaQBuAHQAbwBzAGgAIABIAEQAEgBPVXNlcnMvZWdlci9zd2l0Y2hkcml2ZS9DYXVzYWxpdHkgcHJvamVjdC9saXRlcmF0dXJlL0ZpbGVzL05haWdsZXNfZXRhbDIwMDZhLnBkZgAAEwABLwAAFQACAAv//wAAAAgADQAaACQAiAAAAAAAAAIBAAAAAAAAAAUAAAAAAAAAAAAAAAAAAAI0}}

@article{rispoli1995missing,
	Author = {Rispoli, Matthew},
	Date-Added = {2019-10-22 11:11:40 +0200},
	Date-Modified = {2019-10-22 11:11:50 +0200},
	Journal = {Beyond names for things: Young children's acquisition of verbs},
	Keywords = {Syntactic bootstrapping},
	Pages = {331--352},
	Publisher = {Lawrence Erlbaum Associates Inc Hillsdale, NJ},
	Title = {Missing arguments and the acquisition of predicate meanings},
	Year = {1995}}

@book{bowerman2008crosslinguistic,
	Author = {Bowerman, Melissa and Brown, Penelope},
	Date-Added = {2019-10-22 11:10:40 +0200},
	Date-Modified = {2019-10-22 11:10:55 +0200},
	Keywords = {Syntactic bootstrapping},
	Publisher = {Taylor \& Francis},
	Title = {Crosslinguistic perspectives on argument structure},
	Year = {2008}}

@article{ural2009morphological,
	Author = {Ural, A Engin and Yuret, Deniz and Ketrez, F Nihan and Ko{\c{c}}ba{\c{s}}, Dilara and K{\"u}ntay, Aylin C},
	Date-Added = {2019-10-22 11:06:53 +0200},
	Date-Modified = {2019-10-22 11:07:08 +0200},
	Journal = {Language and Cognitive Processes},
	Keywords = {Syntactic bootstrapping, Turkish},
	Number = {10},
	Pages = {1393--1405},
	Publisher = {Taylor \& Francis},
	Title = {Morphological cues vs. number of nominals in learning verb types in Turkish: The syntactic bootstrapping mechanism revisited},
	Volume = {24},
	Year = {2009},
	Bdsk-File-1 = {YnBsaXN0MDDSAQIDBFxyZWxhdGl2ZVBhdGhZYWxpYXNEYXRhXxBeLi4vLi4vLi4vLi4vLi4vLi4vVXNlcnMvZWdlci9zd2l0Y2hkcml2ZS9DYXVzYWxpdHkgcHJvamVjdC9saXRlcmF0dXJlL0ZpbGVzL1VyYWxfZXRhbDIwMDlhLnBkZk8RAZoAAAAAAZoAAgAADE1hY2ludG9zaCBIRAAAAAAAAAAAAAAAAAAAAAAAAABCRAAB/////xJVcmFsX2V0YWwyMDA5YS5wZGYAAAAAAAAAAAAAAAAAAAAAAAAAAAAAAAAAAAAAAAAAAAAAAAAAAAAAAAAAAAD/////AAAAAAAAAAAAAAAA/////wAACiBjdQAAAAAAAAAAAAAAAAAFRmlsZXMAAAIATi86VXNlcnM6ZWdlcjpzd2l0Y2hkcml2ZTpDYXVzYWxpdHkgcHJvamVjdDpsaXRlcmF0dXJlOkZpbGVzOlVyYWxfZXRhbDIwMDlhLnBkZgAOACYAEgBVAHIAYQBsAF8AZQB0AGEAbAAyADAAMAA5AGEALgBwAGQAZgAPABoADABNAGEAYwBpAG4AdABvAHMAaAAgAEgARAASAExVc2Vycy9lZ2VyL3N3aXRjaGRyaXZlL0NhdXNhbGl0eSBwcm9qZWN0L2xpdGVyYXR1cmUvRmlsZXMvVXJhbF9ldGFsMjAwOWEucGRmABMAAS8AABUAAgAL//8AAAAIAA0AGgAkAIUAAAAAAAACAQAAAAAAAAAFAAAAAAAAAAAAAAAAAAACIw==}}

@article{naigles1993first,
	Author = {Naigles, Letitia G and Kako, Edward T},
	Date-Added = {2019-10-22 11:02:55 +0200},
	Date-Modified = {2019-10-22 11:03:02 +0200},
	Journal = {Child development},
	Keywords = {Syntactic bootstrapping},
	Number = {6},
	Pages = {1665--1687},
	Publisher = {Wiley Online Library},
	Title = {First contact in verb acquisition: Defining a role for syntax},
	Volume = {64},
	Year = {1993},
	Bdsk-File-1 = {YnBsaXN0MDDSAQIDBFxyZWxhdGl2ZVBhdGhZYWxpYXNEYXRhXxBhLi4vLi4vLi4vLi4vLi4vLi4vVXNlcnMvZWdlci9zd2l0Y2hkcml2ZS9DYXVzYWxpdHkgcHJvamVjdC9saXRlcmF0dXJlL0ZpbGVzL05haWdsZXNfZXRhbDE5OTNhLnBkZk8RAagAAAAAAagAAgAADE1hY2ludG9zaCBIRAAAAAAAAAAAAAAAAAAAAAAAAABCRAAB/////xVOYWlnbGVzX2V0YWwxOTkzYS5wZGYAAAAAAAAAAAAAAAAAAAAAAAAAAAAAAAAAAAAAAAAAAAAAAAAAAAAAAAD/////AAAAAAAAAAAAAAAA/////wAACiBjdQAAAAAAAAAAAAAAAAAFRmlsZXMAAAIAUS86VXNlcnM6ZWdlcjpzd2l0Y2hkcml2ZTpDYXVzYWxpdHkgcHJvamVjdDpsaXRlcmF0dXJlOkZpbGVzOk5haWdsZXNfZXRhbDE5OTNhLnBkZgAADgAsABUATgBhAGkAZwBsAGUAcwBfAGUAdABhAGwAMQA5ADkAMwBhAC4AcABkAGYADwAaAAwATQBhAGMAaQBuAHQAbwBzAGgAIABIAEQAEgBPVXNlcnMvZWdlci9zd2l0Y2hkcml2ZS9DYXVzYWxpdHkgcHJvamVjdC9saXRlcmF0dXJlL0ZpbGVzL05haWdsZXNfZXRhbDE5OTNhLnBkZgAAEwABLwAAFQACAAv//wAAAAgADQAaACQAiAAAAAAAAAIBAAAAAAAAAAUAAAAAAAAAAAAAAAAAAAI0}}

@article{naigles1990children,
	Author = {Naigles, Letitia},
	Date-Added = {2019-10-22 11:01:35 +0200},
	Date-Modified = {2019-10-22 11:02:33 +0200},
	Journal = {Journal of child language},
	Keywords = {Syntactic bootstrapping},
	Number = {2},
	Pages = {357--374},
	Publisher = {Cambridge University Press},
	Title = {Children use syntax to learn verb meanings},
	Volume = {17},
	Year = {1990},
	Bdsk-File-1 = {YnBsaXN0MDDSAQIDBFxyZWxhdGl2ZVBhdGhZYWxpYXNEYXRhXxBdLi4vLi4vLi4vLi4vLi4vLi4vVXNlcnMvZWdlci9zd2l0Y2hkcml2ZS9DYXVzYWxpdHkgcHJvamVjdC9saXRlcmF0dXJlL0ZpbGVzL05haWdsZXNfMTk5MGEucGRmTxEBmAAAAAABmAACAAAMTWFjaW50b3NoIEhEAAAAAAAAAAAAAAAAAAAAAAAAAEJEAAH/////EU5haWdsZXNfMTk5MGEucGRmAAAAAAAAAAAAAAAAAAAAAAAAAAAAAAAAAAAAAAAAAAAAAAAAAAAAAAAAAAAAAP////8AAAAAAAAAAAAAAAD/////AAAKIGN1AAAAAAAAAAAAAAAAAAVGaWxlcwAAAgBNLzpVc2VyczplZ2VyOnN3aXRjaGRyaXZlOkNhdXNhbGl0eSBwcm9qZWN0OmxpdGVyYXR1cmU6RmlsZXM6TmFpZ2xlc18xOTkwYS5wZGYAAA4AJAARAE4AYQBpAGcAbABlAHMAXwAxADkAOQAwAGEALgBwAGQAZgAPABoADABNAGEAYwBpAG4AdABvAHMAaAAgAEgARAASAEtVc2Vycy9lZ2VyL3N3aXRjaGRyaXZlL0NhdXNhbGl0eSBwcm9qZWN0L2xpdGVyYXR1cmUvRmlsZXMvTmFpZ2xlc18xOTkwYS5wZGYAABMAAS8AABUAAgAL//8AAAAIAA0AGgAkAIQAAAAAAAACAQAAAAAAAAAFAAAAAAAAAAAAAAAAAAACIA==}}

@article{fisher1996structural,
	Author = {Fisher, Cynthia},
	Date-Added = {2019-10-22 10:59:13 +0200},
	Date-Modified = {2019-10-22 11:00:07 +0200},
	Journal = {Cognitive psychology},
	Keywords = {Syntactic bootstrapping},
	Number = {1},
	Pages = {41--81},
	Publisher = {Elsevier},
	Title = {Structural limits on verb mapping: The role of analogy in children's interpretations of sentences},
	Volume = {31},
	Year = {1996},
	Bdsk-File-1 = {YnBsaXN0MDDSAQIDBFxyZWxhdGl2ZVBhdGhZYWxpYXNEYXRhXxBcLi4vLi4vLi4vLi4vLi4vLi4vVXNlcnMvZWdlci9zd2l0Y2hkcml2ZS9DYXVzYWxpdHkgcHJvamVjdC9saXRlcmF0dXJlL0ZpbGVzL0Zpc2hlcl8xOTk2YS5wZGZPEQGSAAAAAAGSAAIAAAxNYWNpbnRvc2ggSEQAAAAAAAAAAAAAAAAAAAAAAAAAQkQAAf////8QRmlzaGVyXzE5OTZhLnBkZgAAAAAAAAAAAAAAAAAAAAAAAAAAAAAAAAAAAAAAAAAAAAAAAAAAAAAAAAAAAAAA/////wAAAAAAAAAAAAAAAP////8AAAogY3UAAAAAAAAAAAAAAAAABUZpbGVzAAACAEwvOlVzZXJzOmVnZXI6c3dpdGNoZHJpdmU6Q2F1c2FsaXR5IHByb2plY3Q6bGl0ZXJhdHVyZTpGaWxlczpGaXNoZXJfMTk5NmEucGRmAA4AIgAQAEYAaQBzAGgAZQByAF8AMQA5ADkANgBhAC4AcABkAGYADwAaAAwATQBhAGMAaQBuAHQAbwBzAGgAIABIAEQAEgBKVXNlcnMvZWdlci9zd2l0Y2hkcml2ZS9DYXVzYWxpdHkgcHJvamVjdC9saXRlcmF0dXJlL0ZpbGVzL0Zpc2hlcl8xOTk2YS5wZGYAEwABLwAAFQACAAv//wAAAAgADQAaACQAgwAAAAAAAAIBAAAAAAAAAAUAAAAAAAAAAAAAAAAAAAIZ}}

@article{kuntay1996listening,
	Author = {K{\"u}ntay, Aylin and Slobin, Dan Isaac},
	Date-Added = {2019-09-19 09:53:39 +0200},
	Date-Modified = {2019-09-19 09:53:57 +0200},
	Keywords = {Acquisition of Turkish},
	Publisher = {Lawrence Erlbaum Associates, Inc},
	Title = {Listening to a Turkish mother: Some puzzles for acquisition.},
	Year = {1996}}

@article{naigles2002language,
	Author = {Naigles, Letitia R and Lehrer, Nadine},
	Date-Added = {2019-09-18 14:41:45 +0200},
	Date-Modified = {2019-09-18 14:41:59 +0200},
	Journal = {Journal of Child Language},
	Keywords = {Syntactic bootstrapping, English & French},
	Number = {3},
	Pages = {545--566},
	Publisher = {Cambridge University Press},
	Title = {Language-general and language-specific influences on children's acquisition of argument structure: a comparison of French and English},
	Volume = {29},
	Year = {2002},
	Bdsk-File-1 = {YnBsaXN0MDDSAQIDBFxyZWxhdGl2ZVBhdGhZYWxpYXNEYXRhXxBhLi4vLi4vLi4vLi4vLi4vLi4vVXNlcnMvZWdlci9zd2l0Y2hkcml2ZS9DYXVzYWxpdHkgcHJvamVjdC9saXRlcmF0dXJlL0ZpbGVzL05haWdsZXNfZXRhbDIwMDJhLnBkZk8RAagAAAAAAagAAgAADE1hY2ludG9zaCBIRAAAAAAAAAAAAAAAAAAAAAAAAABCRAAB/////xVOYWlnbGVzX2V0YWwyMDAyYS5wZGYAAAAAAAAAAAAAAAAAAAAAAAAAAAAAAAAAAAAAAAAAAAAAAAAAAAAAAAD/////AAAAAAAAAAAAAAAA/////wAACiBjdQAAAAAAAAAAAAAAAAAFRmlsZXMAAAIAUS86VXNlcnM6ZWdlcjpzd2l0Y2hkcml2ZTpDYXVzYWxpdHkgcHJvamVjdDpsaXRlcmF0dXJlOkZpbGVzOk5haWdsZXNfZXRhbDIwMDJhLnBkZgAADgAsABUATgBhAGkAZwBsAGUAcwBfAGUAdABhAGwAMgAwADAAMgBhAC4AcABkAGYADwAaAAwATQBhAGMAaQBuAHQAbwBzAGgAIABIAEQAEgBPVXNlcnMvZWdlci9zd2l0Y2hkcml2ZS9DYXVzYWxpdHkgcHJvamVjdC9saXRlcmF0dXJlL0ZpbGVzL05haWdsZXNfZXRhbDIwMDJhLnBkZgAAEwABLwAAFQACAAv//wAAAAgADQAaACQAiAAAAAAAAAIBAAAAAAAAAAUAAAAAAAAAAAAAAAAAAAI0}}

@article{lee2005input,
	Author = {Lee, Joanne N and Naigles, Letitia R},
	Date-Added = {2019-09-18 14:16:16 +0200},
	Date-Modified = {2019-09-18 14:16:28 +0200},
	Journal = {Developmental Psychology},
	Keywords = {Syntactic bootstrapping, Mandarin},
	Number = {3},
	Pages = {529},
	Publisher = {American Psychological Association},
	Title = {The input to verb learning in Mandarin Chinese: a role for syntactic bootstrapping.},
	Volume = {41},
	Year = {2005},
	Bdsk-File-1 = {YnBsaXN0MDDSAQIDBFxyZWxhdGl2ZVBhdGhZYWxpYXNEYXRhXxBcLi4vLi4vLi4vLi4vLi4vLi4vVXNlcnMvZWdlci9zd2l0Y2hkcml2ZS9DYXVzYWxpdHkgcHJvamVjdC9saXRlcmF0dXJlL0ZpbGVzL0xlZV9ldGFsMjAwNS5wZGZPEQGSAAAAAAGSAAIAAAxNYWNpbnRvc2ggSEQAAAAAAAAAAAAAAAAAAAAAAAAAQkQAAf////8QTGVlX2V0YWwyMDA1LnBkZgAAAAAAAAAAAAAAAAAAAAAAAAAAAAAAAAAAAAAAAAAAAAAAAAAAAAAAAAAAAAAA/////wAAAAAAAAAAAAAAAP////8AAAogY3UAAAAAAAAAAAAAAAAABUZpbGVzAAACAEwvOlVzZXJzOmVnZXI6c3dpdGNoZHJpdmU6Q2F1c2FsaXR5IHByb2plY3Q6bGl0ZXJhdHVyZTpGaWxlczpMZWVfZXRhbDIwMDUucGRmAA4AIgAQAEwAZQBlAF8AZQB0AGEAbAAyADAAMAA1AC4AcABkAGYADwAaAAwATQBhAGMAaQBuAHQAbwBzAGgAIABIAEQAEgBKVXNlcnMvZWdlci9zd2l0Y2hkcml2ZS9DYXVzYWxpdHkgcHJvamVjdC9saXRlcmF0dXJlL0ZpbGVzL0xlZV9ldGFsMjAwNS5wZGYAEwABLwAAFQACAAv//wAAAAgADQAaACQAgwAAAAAAAAIBAAAAAAAAAAUAAAAAAAAAAAAAAAAAAAIZ}}

@article{lee2008mandarin,
	Author = {Lee, Joanne N and Naigles, Letitia R},
	Date-Added = {2019-09-18 14:02:09 +0200},
	Date-Modified = {2019-09-18 14:03:37 +0200},
	Journal = {Cognition},
	Keywords = {Syntactic bootstrapping, Mandarin},
	Number = {2},
	Pages = {1028--1037},
	Publisher = {Elsevier},
	Title = {Mandarin learners use syntactic bootstrapping in verb acquisition},
	Volume = {106},
	Year = {2008},
	Bdsk-File-1 = {YnBsaXN0MDDSAQIDBFxyZWxhdGl2ZVBhdGhZYWxpYXNEYXRhXxBcLi4vLi4vLi4vLi4vLi4vLi4vVXNlcnMvZWdlci9zd2l0Y2hkcml2ZS9DYXVzYWxpdHkgcHJvamVjdC9saXRlcmF0dXJlL0ZpbGVzL0xlZV9ldGFsMjAwOC5wZGZPEQGSAAAAAAGSAAIAAAxNYWNpbnRvc2ggSEQAAAAAAAAAAAAAAAAAAAAAAAAAQkQAAf////8QTGVlX2V0YWwyMDA4LnBkZgAAAAAAAAAAAAAAAAAAAAAAAAAAAAAAAAAAAAAAAAAAAAAAAAAAAAAAAAAAAAAA/////wAAAAAAAAAAAAAAAP////8AAAogY3UAAAAAAAAAAAAAAAAABUZpbGVzAAACAEwvOlVzZXJzOmVnZXI6c3dpdGNoZHJpdmU6Q2F1c2FsaXR5IHByb2plY3Q6bGl0ZXJhdHVyZTpGaWxlczpMZWVfZXRhbDIwMDgucGRmAA4AIgAQAEwAZQBlAF8AZQB0AGEAbAAyADAAMAA4AC4AcABkAGYADwAaAAwATQBhAGMAaQBuAHQAbwBzAGgAIABIAEQAEgBKVXNlcnMvZWdlci9zd2l0Y2hkcml2ZS9DYXVzYWxpdHkgcHJvamVjdC9saXRlcmF0dXJlL0ZpbGVzL0xlZV9ldGFsMjAwOC5wZGYAEwABLwAAFQACAAv//wAAAAgADQAaACQAgwAAAAAAAAIBAAAAAAAAAAUAAAAAAAAAAAAAAAAAAAIZ}}

@article{aksu1985acquisition,
	Author = {Aksu-Ko{\c{c}}, Ayhan A},
	Date-Added = {2019-09-17 14:50:11 +0200},
	Date-Modified = {2019-09-17 14:50:34 +0200},
	Journal = {The Cross-linguistic Studies of Language Acquisition. Vol. 1: The Data},
	Keywords = {Turkish acquisition},
	Pages = {839--876},
	Publisher = {Lawrence Erlbaum Associates, Hillsdale},
	Title = {The acquisition of Turkish},
	Year = {1985}}

@article{shibatani2002causative,
	Author = {Shibatani, Masayoshi and Pardeshi, Prashant},
	Date-Added = {2019-09-17 14:47:52 +0200},
	Date-Modified = {2019-09-17 14:48:04 +0200},
	Journal = {Typological studies in language},
	Keywords = {Causatives},
	Pages = {85--126},
	Title = {The causative continuum},
	Volume = {48},
	Year = {2002},
	Bdsk-File-1 = {YnBsaXN0MDDSAQIDBFxyZWxhdGl2ZVBhdGhZYWxpYXNEYXRhXxByLi4vLi4vLi4vLi4vLi4vLi4vVXNlcnMvZWdlci9Eb2N1bWVudHMvc3dpdGNoZHJpdmUgY29weS9DYXVzYWxpdHkgcHJvamVjdC9saXRlcmF0dXJlL0ZpbGVzL1NoaWJhdGFuaV9ldGFsMjAwMmEucGRmTxEBzAAAAAABzAACAAAMTWFjaW50b3NoIEhEAAAAAAAAAAAAAAAAAAAAAAAAAEJEAAH/////F1NoaWJhdGFuaV9ldGFsMjAwMmEucGRmAAAAAAAAAAAAAAAAAAAAAAAAAAAAAAAAAAAAAAAAAAAAAAAAAAAAAP////8AAAAAAAAAAAAAAAD/////AAAKIGN1AAAAAAAAAAAAAAAAAAVGaWxlcwAAAgBiLzpVc2VyczplZ2VyOkRvY3VtZW50czpzd2l0Y2hkcml2ZSBjb3B5OkNhdXNhbGl0eSBwcm9qZWN0OmxpdGVyYXR1cmU6RmlsZXM6U2hpYmF0YW5pX2V0YWwyMDAyYS5wZGYADgAwABcAUwBoAGkAYgBhAHQAYQBuAGkAXwBlAHQAYQBsADIAMAAwADIAYQAuAHAAZABmAA8AGgAMAE0AYQBjAGkAbgB0AG8AcwBoACAASABEABIAYFVzZXJzL2VnZXIvRG9jdW1lbnRzL3N3aXRjaGRyaXZlIGNvcHkvQ2F1c2FsaXR5IHByb2plY3QvbGl0ZXJhdHVyZS9GaWxlcy9TaGliYXRhbmlfZXRhbDIwMDJhLnBkZgATAAEvAAAVAAIAC///AAAACAANABoAJACZAAAAAAAAAgEAAAAAAAAABQAAAAAAAAAAAAAAAAAAAmk=}}

@article{ketrez2004children,
	Author = {Ketrez, F Nihan},
	Date-Added = {2019-09-17 14:45:48 +0200},
	Date-Modified = {2019-09-17 14:46:07 +0200},
	Journal = {Dilbilim Arast{\i}rmalar{\i}},
	Keywords = {Accusative case, Turkish},
	Pages = {63--74},
	Title = {Children's accusative case and indefinite objects},
	Volume = {2004},
	Year = {2004}}

@book{erguvanli1984function,
	Author = {Erguvanli, Eser Ermine and Taylan, Eser Erguvanl{\i}},
	Date-Added = {2019-09-17 14:44:42 +0200},
	Date-Modified = {2019-09-17 14:45:15 +0200},
	Keywords = {Turkish grammar},
	Publisher = {Univ of California Press},
	Title = {The function of word order in Turkish grammar},
	Volume = {106},
	Year = {1984}}

@article{gampe2018bilex,
	Author = {Gampe, Anja and Kurthen, Ira and Daum, Moritz M},
	Date-Added = {2019-07-16 15:48:09 +0200},
	Date-Modified = {2019-07-16 15:48:20 +0200},
	Journal = {First Language},
	Keywords = {Receptive vocabulary},
	Number = {3},
	Pages = {263--283},
	Publisher = {SAGE Publications Sage UK: London, England},
	Title = {BILEX: A new tool measuring bilingual children's lexicons and translational equivalents},
	Volume = {38},
	Year = {2018},
	Bdsk-File-1 = {YnBsaXN0MDDSAQIDBFxyZWxhdGl2ZVBhdGhZYWxpYXNEYXRhbxDUAC4ALgAvAC4ALgAvAC4ALgAvAC4ALgAvAC4ALgAvAC4ALgAvAFUAcwBlAHIAcwAvAGUAZwBlAHIALwBzAHcAaQB0AGMAaABkAHIAaQB2AGUALwBDAEEAVQBTAEEATABJAFQAWQAgAFAAUgBPAEoARQBDAFQAXwBFAEIAUgBVAC8AcgBlAGEAZABpAG4AZwBzAC8AYQByAHQAaQBjAGwAZQBzACAAYwBpAHQAZQBkACAAaQBuACAAcAByAG8AcABvAHMAYQBsAC8ARwBhAG0AcABlACAAZQB0ACAAYQBsAC4AIAAoADIAMAAxADcAKQAtACAAQgBJAEwARQBYAC0AIABBACAAbgBlAHcAIAB0AG8AbwBsACAAbQBlAGEAcwB1AHIAaQBuAGcAIABiAGkAbABpAG4AZwB1AGEAbAAgAGMAaABpAGwAZAByAGUAbiAZAHMAIABsAGUAeABpAGMAbwBuAHMAIABhAG4AZAAgAHQAcgBhAG4AcwBsAGEAdABpAG8AbgBhAGwAIABlAHEAdQBpAHYAYQBsAGUAbgB0AHMALgBwAGQAZk8RA1oAAAAAA1oAAgAADE1hY2ludG9zaCBIRAAAAAAAAAAAAAAAAAAAAAAAAABCRAAB/////x9HYW1wZSBldCBhbC4gKDIwMTcjRkZGRkZGRkYucGRmAAAAAAAAAAAAAAAAAAAAAAAAAAAAAAAAAAAAAAAAAAD/////AAAAAAAAAAAAAAAA/////wAACiBjdQAAAAAAAAAAAAAAAAAaYXJ0aWNsZXMgY2l0ZWQgaW4gcHJvcG9zYWwAAgDGLzpVc2VyczplZ2VyOnN3aXRjaGRyaXZlOkNBVVNBTElUWSBQUk9KRUNUX0VCUlU6cmVhZGluZ3M6YXJ0aWNsZXMgY2l0ZWQgaW4gcHJvcG9zYWw6R2FtcGUgZXQgYWwuICgyMDE3KS0gQklMRVgtIEEgbmV3IHRvb2wgbWVhc3VyaW5nIGJpbGluZ3VhbCBjaGlsZHJlbuKAmXMgbGV4aWNvbnMgYW5kIHRyYW5zbGF0aW9uYWwgZXF1aXZhbGVudHMucGRmAA4A4gBwAEcAYQBtAHAAZQAgAGUAdAAgAGEAbAAuACAAKAAyADAAMQA3ACkALQAgAEIASQBMAEUAWAAtACAAQQAgAG4AZQB3ACAAdABvAG8AbAAgAG0AZQBhAHMAdQByAGkAbgBnACAAYgBpAGwAaQBuAGcAdQBhAGwAIABjAGgAaQBsAGQAcgBlAG4gGQBzACAAbABlAHgAaQBjAG8AbgBzACAAYQBuAGQAIAB0AHIAYQBuAHMAbABhAHQAaQBvAG4AYQBsACAAZQBxAHUAaQB2AGEAbABlAG4AdABzAC4AcABkAGYADwAaAAwATQBhAGMAaQBuAHQAbwBzAGgAIABIAEQAEgDEVXNlcnMvZWdlci9zd2l0Y2hkcml2ZS9DQVVTQUxJVFkgUFJPSkVDVF9FQlJVL3JlYWRpbmdzL2FydGljbGVzIGNpdGVkIGluIHByb3Bvc2FsL0dhbXBlIGV0IGFsLiAoMjAxNyktIEJJTEVYLSBBIG5ldyB0b29sIG1lYXN1cmluZyBiaWxpbmd1YWwgY2hpbGRyZW7igJlzIGxleGljb25zIGFuZCB0cmFuc2xhdGlvbmFsIGVxdWl2YWxlbnRzLnBkZgATAAEvAAAVAAIAC///AAAACAANABoAJAHPAAAAAAAAAgEAAAAAAAAABQAAAAAAAAAAAAAAAAAABS0=}}

@article{fisher1994better,
	Author = {Fisher, Cynthia and Hall, D Geoffrey and Rakowitz, Susan and Gleitman, Lila},
	Date-Added = {2019-07-16 15:46:20 +0200},
	Date-Modified = {2019-07-16 15:47:13 +0200},
	Journal = {Lingua},
	Keywords = {Syntax in verb learning},
	Pages = {333--375},
	Publisher = {Elsevier},
	Title = {When it is better to receive than to give: Syntactic and conceptual constraints on vocabulary growth},
	Volume = {92},
	Year = {1994},
	Bdsk-File-1 = {YnBsaXN0MDDSAQIDBFxyZWxhdGl2ZVBhdGhZYWxpYXNEYXRhXxCnLi4vLi4vLi4vLi4vLi4vLi4vVXNlcnMvZWdlci9zd2l0Y2hkcml2ZS9DQVVTQUxJVFkgUFJPSkVDVF9FQlJVL3JlYWRpbmdzL2FydGljbGVzIGNpdGVkIGluIHByb3Bvc2FsL0Zpc2hlciBldCBhbC4gKDE5OTkpLSBXaGVuIGlzIGl0IGJldHRlciB0byByZWNlaXZlIHRoYW4gdG8gZ2l2ZS5wZGZPEQKkAAAAAAKkAAIAAAxNYWNpbnRvc2ggSEQAAAAAAAAAAAAAAAAAAAAAAAAAQkQAAf////8fRmlzaGVyIGV0IGFsLiAoMTk5I0ZGRkZGRkZGLnBkZgAAAAAAAAAAAAAAAAAAAAAAAAAAAAAAAAAAAAAAAAAA/////wAAAAAAAAAAAAAAAP////8AAAogY3UAAAAAAAAAAAAAAAAAGmFydGljbGVzIGNpdGVkIGluIHByb3Bvc2FsAAIAly86VXNlcnM6ZWdlcjpzd2l0Y2hkcml2ZTpDQVVTQUxJVFkgUFJPSkVDVF9FQlJVOnJlYWRpbmdzOmFydGljbGVzIGNpdGVkIGluIHByb3Bvc2FsOkZpc2hlciBldCBhbC4gKDE5OTkpLSBXaGVuIGlzIGl0IGJldHRlciB0byByZWNlaXZlIHRoYW4gdG8gZ2l2ZS5wZGYAAA4AiABDAEYAaQBzAGgAZQByACAAZQB0ACAAYQBsAC4AIAAoADEAOQA5ADkAKQAtACAAVwBoAGUAbgAgAGkAcwAgAGkAdAAgAGIAZQB0AHQAZQByACAAdABvACAAcgBlAGMAZQBpAHYAZQAgAHQAaABhAG4AIAB0AG8AIABnAGkAdgBlAC4AcABkAGYADwAaAAwATQBhAGMAaQBuAHQAbwBzAGgAIABIAEQAEgCVVXNlcnMvZWdlci9zd2l0Y2hkcml2ZS9DQVVTQUxJVFkgUFJPSkVDVF9FQlJVL3JlYWRpbmdzL2FydGljbGVzIGNpdGVkIGluIHByb3Bvc2FsL0Zpc2hlciBldCBhbC4gKDE5OTkpLSBXaGVuIGlzIGl0IGJldHRlciB0byByZWNlaXZlIHRoYW4gdG8gZ2l2ZS5wZGYAABMAAS8AABUAAgAL//8AAAAIAA0AGgAkAM4AAAAAAAACAQAAAAAAAAAFAAAAAAAAAAAAAAAAAAADdg==}}

@article{fisher2002structural,
	Author = {Fisher, Cynthia},
	Date-Added = {2019-07-16 15:45:20 +0200},
	Date-Modified = {2019-07-16 15:45:44 +0200},
	Journal = {Developmental Science},
	Keywords = {Verb learning},
	Number = {1},
	Pages = {55--64},
	Publisher = {Wiley Online Library},
	Title = {Structural limits on verb mapping: the role of abstract structure in 2.5-year-olds' interpretations of novel verbs},
	Volume = {5},
	Year = {2002},
	Bdsk-File-1 = {YnBsaXN0MDDSAQIDBFxyZWxhdGl2ZVBhdGhZYWxpYXNEYXRhXxCYLi4vLi4vLi4vLi4vLi4vLi4vVXNlcnMvZWdlci9zd2l0Y2hkcml2ZS9DQVVTQUxJVFkgUFJPSkVDVF9FQlJVL3JlYWRpbmdzL2FydGljbGVzIGNpdGVkIGluIHByb3Bvc2FsL0Zpc2hlciAoMjAwMiktIFN0cnVjdHVyYWwgbGltaXRzIG9uIHZlcmIgbWFwcGluZy5wZGZPEQJmAAAAAAJmAAIAAAxNYWNpbnRvc2ggSEQAAAAAAAAAAAAAAAAAAAAAAAAAQkQAAf////8fRmlzaGVyICgyMDAyKS0gU3RyI0ZGRkZGRkZGLnBkZgAAAAAAAAAAAAAAAAAAAAAAAAAAAAAAAAAAAAAAAAAA/////wAAAAAAAAAAAAAAAP////8AAAogY3UAAAAAAAAAAAAAAAAAGmFydGljbGVzIGNpdGVkIGluIHByb3Bvc2FsAAIAiC86VXNlcnM6ZWdlcjpzd2l0Y2hkcml2ZTpDQVVTQUxJVFkgUFJPSkVDVF9FQlJVOnJlYWRpbmdzOmFydGljbGVzIGNpdGVkIGluIHByb3Bvc2FsOkZpc2hlciAoMjAwMiktIFN0cnVjdHVyYWwgbGltaXRzIG9uIHZlcmIgbWFwcGluZy5wZGYADgBqADQARgBpAHMAaABlAHIAIAAoADIAMAAwADIAKQAtACAAUwB0AHIAdQBjAHQAdQByAGEAbAAgAGwAaQBtAGkAdABzACAAbwBuACAAdgBlAHIAYgAgAG0AYQBwAHAAaQBuAGcALgBwAGQAZgAPABoADABNAGEAYwBpAG4AdABvAHMAaAAgAEgARAASAIZVc2Vycy9lZ2VyL3N3aXRjaGRyaXZlL0NBVVNBTElUWSBQUk9KRUNUX0VCUlUvcmVhZGluZ3MvYXJ0aWNsZXMgY2l0ZWQgaW4gcHJvcG9zYWwvRmlzaGVyICgyMDAyKS0gU3RydWN0dXJhbCBsaW1pdHMgb24gdmVyYiBtYXBwaW5nLnBkZgATAAEvAAAVAAIAC///AAAACAANABoAJAC/AAAAAAAAAgEAAAAAAAAABQAAAAAAAAAAAAAAAAAAAyk=}}

@inbook{bates1989functionalism,
	Author = {Bates, Elizabeth and MacWhinney, Brian and others},
	Date-Added = {2019-07-16 15:42:51 +0200},
	Date-Modified = {2019-07-16 15:55:50 +0200},
	Journal = {The crosslinguistic study of sentence processing},
	Keywords = {Sentence proccessing},
	Pages = {73--112},
	Title = {Functionalism and the competition model},
	Volume = {3},
	Year = {1989},
	Bdsk-File-1 = {YnBsaXN0MDDSAQIDBFxyZWxhdGl2ZVBhdGhZYWxpYXNEYXRhXxCqLi4vLi4vLi4vLi4vLi4vLi4vVXNlcnMvZWdlci9zd2l0Y2hkcml2ZS9DQVVTQUxJVFkgUFJPSkVDVF9FQlJVL3JlYWRpbmdzL2FydGljbGVzIGNpdGVkIGluIHByb3Bvc2FsL0JhdGVzICYgTWFjV2hpbm5leSAoMTk4OSktIEZ1bmN0aW9uYWxpc20gYW5kIHRoZSBjb21wZXRpdGlvbiBtb2RlbC5wZGZPEQKuAAAAAAKuAAIAAAxNYWNpbnRvc2ggSEQAAAAAAAAAAAAAAAAAAAAAAAAAQkQAAf////8fQmF0ZXMgJiBNYWNXaGlubmV5I0ZGRkZGRkZGLnBkZgAAAAAAAAAAAAAAAAAAAAAAAAAAAAAAAAAAAAAAAAAA/////wAAAAAAAAAAAAAAAP////8AAAogY3UAAAAAAAAAAAAAAAAAGmFydGljbGVzIGNpdGVkIGluIHByb3Bvc2FsAAIAmi86VXNlcnM6ZWdlcjpzd2l0Y2hkcml2ZTpDQVVTQUxJVFkgUFJPSkVDVF9FQlJVOnJlYWRpbmdzOmFydGljbGVzIGNpdGVkIGluIHByb3Bvc2FsOkJhdGVzICYgTWFjV2hpbm5leSAoMTk4OSktIEZ1bmN0aW9uYWxpc20gYW5kIHRoZSBjb21wZXRpdGlvbiBtb2RlbC5wZGYADgCOAEYAQgBhAHQAZQBzACAAJgAgAE0AYQBjAFcAaABpAG4AbgBlAHkAIAAoADEAOQA4ADkAKQAtACAARgB1AG4AYwB0AGkAbwBuAGEAbABpAHMAbQAgAGEAbgBkACAAdABoAGUAIABjAG8AbQBwAGUAdABpAHQAaQBvAG4AIABtAG8AZABlAGwALgBwAGQAZgAPABoADABNAGEAYwBpAG4AdABvAHMAaAAgAEgARAASAJhVc2Vycy9lZ2VyL3N3aXRjaGRyaXZlL0NBVVNBTElUWSBQUk9KRUNUX0VCUlUvcmVhZGluZ3MvYXJ0aWNsZXMgY2l0ZWQgaW4gcHJvcG9zYWwvQmF0ZXMgJiBNYWNXaGlubmV5ICgxOTg5KS0gRnVuY3Rpb25hbGlzbSBhbmQgdGhlIGNvbXBldGl0aW9uIG1vZGVsLnBkZgATAAEvAAAVAAIAC///AAAACAANABoAJADRAAAAAAAAAgEAAAAAAAAABQAAAAAAAAAAAAAAAAAAA4M=}}

@book{landau2009language,
	Author = {Landau, Barbara and Gleitman, Lila R and Landau, Barbara},
	Date-Added = {2019-07-16 15:41:48 +0200},
	Date-Modified = {2019-07-16 15:43:59 +0200},
	Keywords = {Language learning},
	Publisher = {Harvard University Press},
	Title = {Language and experience: Evidence from the blind child},
	Volume = {8},
	Year = {2009}}

@article{kline2017linking,
	Author = {Kline, Melissa and Snedeker, Jesse and Schulz, Laura},
	Date-Modified = {2018-04-25 09:23:36 +0000},
	Journal = {Language Learning and Development},
	Keywords = {Syntactic bootstrapping},
	Number = {1},
	Pages = {1--23},
	Publisher = {Taylor \& Francis},
	Title = {Linking Language and Events: Spatiotemporal cues drive children's expectations about the meanings of novel transitive verbs},
	Volume = {13},
	Year = {2017},
	Bdsk-File-1 = {YnBsaXN0MDDSAQIDBFxyZWxhdGl2ZVBhdGhZYWxpYXNEYXRhXxBfLi4vLi4vLi4vLi4vLi4vLi4vVXNlcnMvZWdlci9zd2l0Y2hkcml2ZS9DYXVzYWxpdHkgcHJvamVjdC9saXRlcmF0dXJlL0ZpbGVzL0tsaW5lX2V0YWwyMDE3YS5wZGZPEQGgAAAAAAGgAAIAAAxNYWNpbnRvc2ggSEQAAAAAAAAAAAAAAAAAAAAAAAAAQkQAAf////8TS2xpbmVfZXRhbDIwMTdhLnBkZgAAAAAAAAAAAAAAAAAAAAAAAAAAAAAAAAAAAAAAAAAAAAAAAAAAAAAAAAAA/////wAAAAAAAAAAAAAAAP////8AAAogY3UAAAAAAAAAAAAAAAAABUZpbGVzAAACAE8vOlVzZXJzOmVnZXI6c3dpdGNoZHJpdmU6Q2F1c2FsaXR5IHByb2plY3Q6bGl0ZXJhdHVyZTpGaWxlczpLbGluZV9ldGFsMjAxN2EucGRmAAAOACgAEwBLAGwAaQBuAGUAXwBlAHQAYQBsADIAMAAxADcAYQAuAHAAZABmAA8AGgAMAE0AYQBjAGkAbgB0AG8AcwBoACAASABEABIATVVzZXJzL2VnZXIvc3dpdGNoZHJpdmUvQ2F1c2FsaXR5IHByb2plY3QvbGl0ZXJhdHVyZS9GaWxlcy9LbGluZV9ldGFsMjAxN2EucGRmAAATAAEvAAAVAAIAC///AAAACAANABoAJACGAAAAAAAAAgEAAAAAAAAABQAAAAAAAAAAAAAAAAAAAio=}}

@article{lidz2003understanding,
	Author = {Lidz, Jeffrey and Gleitman, Henry and Gleitman, Lila},
	Date-Modified = {2018-03-07 09:19:17 +0000},
	Journal = {Cognition},
	Keywords = {Morphology, Kannada},
	Number = {3},
	Pages = {151--178},
	Publisher = {Elsevier},
	Title = {Understanding how input matters: Verb learning and the footprint of universal grammar},
	Volume = {87},
	Year = {2003},
	Bdsk-File-1 = {YnBsaXN0MDDSAQIDBFxyZWxhdGl2ZVBhdGhZYWxpYXNEYXRhXxBeLi4vLi4vLi4vLi4vLi4vLi4vVXNlcnMvZWdlci9zd2l0Y2hkcml2ZS9DYXVzYWxpdHkgcHJvamVjdC9saXRlcmF0dXJlL0ZpbGVzL0xpZHpfZXRhbDIwMDNhLnBkZk8RAZoAAAAAAZoAAgAADE1hY2ludG9zaCBIRAAAAAAAAAAAAAAAAAAAAAAAAABCRAAB/////xJMaWR6X2V0YWwyMDAzYS5wZGYAAAAAAAAAAAAAAAAAAAAAAAAAAAAAAAAAAAAAAAAAAAAAAAAAAAAAAAAAAAD/////AAAAAAAAAAAAAAAA/////wAACiBjdQAAAAAAAAAAAAAAAAAFRmlsZXMAAAIATi86VXNlcnM6ZWdlcjpzd2l0Y2hkcml2ZTpDYXVzYWxpdHkgcHJvamVjdDpsaXRlcmF0dXJlOkZpbGVzOkxpZHpfZXRhbDIwMDNhLnBkZgAOACYAEgBMAGkAZAB6AF8AZQB0AGEAbAAyADAAMAAzAGEALgBwAGQAZgAPABoADABNAGEAYwBpAG4AdABvAHMAaAAgAEgARAASAExVc2Vycy9lZ2VyL3N3aXRjaGRyaXZlL0NhdXNhbGl0eSBwcm9qZWN0L2xpdGVyYXR1cmUvRmlsZXMvTGlkel9ldGFsMjAwM2EucGRmABMAAS8AABUAAgAL//8AAAAIAA0AGgAkAIUAAAAAAAACAQAAAAAAAAAFAAAAAAAAAAAAAAAAAAACIw==}}

@article{laaha2007typological,
	Author = {Laaha, Sabine and Gillis, Steven},
	Date-Modified = {2018-03-07 09:17:02 +0000},
	Keywords = {Acquisition of morphology},
	Title = {Typological perspectives on the acquisition of noun and verb morphology},
	Year = {2007},
	Bdsk-File-1 = {YnBsaXN0MDDSAQIDBFxyZWxhdGl2ZVBhdGhZYWxpYXNEYXRhXxBfLi4vLi4vLi4vLi4vLi4vLi4vVXNlcnMvZWdlci9zd2l0Y2hkcml2ZS9DYXVzYWxpdHkgcHJvamVjdC9saXRlcmF0dXJlL0ZpbGVzL0xhYWhhX2V0YWwyMDA3YS5wZGZPEQGgAAAAAAGgAAIAAAxNYWNpbnRvc2ggSEQAAAAAAAAAAAAAAAAAAAAAAAAAQkQAAf////8TTGFhaGFfZXRhbDIwMDdhLnBkZgAAAAAAAAAAAAAAAAAAAAAAAAAAAAAAAAAAAAAAAAAAAAAAAAAAAAAAAAAA/////wAAAAAAAAAAAAAAAP////8AAAogY3UAAAAAAAAAAAAAAAAABUZpbGVzAAACAE8vOlVzZXJzOmVnZXI6c3dpdGNoZHJpdmU6Q2F1c2FsaXR5IHByb2plY3Q6bGl0ZXJhdHVyZTpGaWxlczpMYWFoYV9ldGFsMjAwN2EucGRmAAAOACgAEwBMAGEAYQBoAGEAXwBlAHQAYQBsADIAMAAwADcAYQAuAHAAZABmAA8AGgAMAE0AYQBjAGkAbgB0AG8AcwBoACAASABEABIATVVzZXJzL2VnZXIvc3dpdGNoZHJpdmUvQ2F1c2FsaXR5IHByb2plY3QvbGl0ZXJhdHVyZS9GaWxlcy9MYWFoYV9ldGFsMjAwN2EucGRmAAATAAEvAAAVAAIAC///AAAACAANABoAJACGAAAAAAAAAgEAAAAAAAAABQAAAAAAAAAAAAAAAAAAAio=}}

@mastersthesis{ketrez1999early,
	Author = {Ketrez, Fatma Nihan},
	Date-Modified = {2019-07-24 10:14:22 +0200},
	Journal = {MAThesis, Bo{\u{g}}azi{\c{c}}i University, Istanbul},
	Keywords = {Causatives, Turkish},
	Title = {Early verbs and the acquisition of Turkish argument structure},
	Year = {1999},
	Bdsk-File-1 = {YnBsaXN0MDDSAQIDBFxyZWxhdGl2ZVBhdGhZYWxpYXNEYXRhXxBbLi4vLi4vLi4vLi4vLi4vLi4vVXNlcnMvZWdlci9zd2l0Y2hkcml2ZS9DYXVzYWxpdHkgcHJvamVjdC9saXRlcmF0dXJlL0ZpbGVzL0tldHJlejE5OTlhLnBkZk8RAZAAAAAAAZAAAgAADE1hY2ludG9zaCBIRAAAAAAAAAAAAAAAAAAAAAAAAABCRAAB/////w9LZXRyZXoxOTk5YS5wZGYAAAAAAAAAAAAAAAAAAAAAAAAAAAAAAAAAAAAAAAAAAAAAAAAAAAAAAAAAAAAAAAD/////AAAAAAAAAAAAAAAA/////wAACiBjdQAAAAAAAAAAAAAAAAAFRmlsZXMAAAIASy86VXNlcnM6ZWdlcjpzd2l0Y2hkcml2ZTpDYXVzYWxpdHkgcHJvamVjdDpsaXRlcmF0dXJlOkZpbGVzOktldHJlejE5OTlhLnBkZgAADgAgAA8ASwBlAHQAcgBlAHoAMQA5ADkAOQBhAC4AcABkAGYADwAaAAwATQBhAGMAaQBuAHQAbwBzAGgAIABIAEQAEgBJVXNlcnMvZWdlci9zd2l0Y2hkcml2ZS9DYXVzYWxpdHkgcHJvamVjdC9saXRlcmF0dXJlL0ZpbGVzL0tldHJlejE5OTlhLnBkZgAAEwABLwAAFQACAAv//wAAAAgADQAaACQAggAAAAAAAAIBAAAAAAAAAAUAAAAAAAAAAAAAAAAAAAIW}}

@article{kanero2016can,
	Author = {Kanero, Junko and Hirsh-Pasek, Kathy and Golinkoff, Roberta Michnick},
	Date-Modified = {2018-03-07 08:15:52 +0000},
	Journal = {Journal of child language},
	Keywords = {Causatives, English, Japanese},
	Number = {5},
	Pages = {993--1019},
	Publisher = {Cambridge University Press},
	Title = {Can a microwave heat up coffee? How English-and Japanese-speaking children choose subjects in lexical causative sentences},
	Volume = {43},
	Year = {2016},
	Bdsk-File-1 = {YnBsaXN0MDDSAQIDBFxyZWxhdGl2ZVBhdGhZYWxpYXNEYXRhXxBgLi4vLi4vLi4vLi4vLi4vLi4vVXNlcnMvZWdlci9zd2l0Y2hkcml2ZS9DYXVzYWxpdHkgcHJvamVjdC9saXRlcmF0dXJlL0ZpbGVzL0thbmVyb19ldGFsMjAxNmEucGRmTxEBogAAAAABogACAAAMTWFjaW50b3NoIEhEAAAAAAAAAAAAAAAAAAAAAAAAAEJEAAH/////FEthbmVyb19ldGFsMjAxNmEucGRmAAAAAAAAAAAAAAAAAAAAAAAAAAAAAAAAAAAAAAAAAAAAAAAAAAAAAAAAAP////8AAAAAAAAAAAAAAAD/////AAAKIGN1AAAAAAAAAAAAAAAAAAVGaWxlcwAAAgBQLzpVc2VyczplZ2VyOnN3aXRjaGRyaXZlOkNhdXNhbGl0eSBwcm9qZWN0OmxpdGVyYXR1cmU6RmlsZXM6S2FuZXJvX2V0YWwyMDE2YS5wZGYADgAqABQASwBhAG4AZQByAG8AXwBlAHQAYQBsADIAMAAxADYAYQAuAHAAZABmAA8AGgAMAE0AYQBjAGkAbgB0AG8AcwBoACAASABEABIATlVzZXJzL2VnZXIvc3dpdGNoZHJpdmUvQ2F1c2FsaXR5IHByb2plY3QvbGl0ZXJhdHVyZS9GaWxlcy9LYW5lcm9fZXRhbDIwMTZhLnBkZgATAAEvAAAVAAIAC///AAAACAANABoAJACHAAAAAAAAAgEAAAAAAAAABQAAAAAAAAAAAAAAAAAAAi0=}}

@article{jolly2008inflectional,
	Author = {Jolly, Helen R and Plunkett, Kim},
	Date-Modified = {2018-03-07 08:14:52 +0000},
	Journal = {Language and speech},
	Keywords = {Inflectional bootstrapping},
	Number = {1-2},
	Pages = {45--59},
	Publisher = {SAGE Publications Sage UK: London, England},
	Title = {Inflectional bootstrapping in 2-year-olds},
	Volume = {51},
	Year = {2008},
	Bdsk-File-1 = {YnBsaXN0MDDSAQIDBFxyZWxhdGl2ZVBhdGhZYWxpYXNEYXRhXxBfLi4vLi4vLi4vLi4vLi4vLi4vVXNlcnMvZWdlci9zd2l0Y2hkcml2ZS9DYXVzYWxpdHkgcHJvamVjdC9saXRlcmF0dXJlL0ZpbGVzL0pvbGx5X2V0YWwyMDA4YS5wZGZPEQGgAAAAAAGgAAIAAAxNYWNpbnRvc2ggSEQAAAAAAAAAAAAAAAAAAAAAAAAAQkQAAf////8TSm9sbHlfZXRhbDIwMDhhLnBkZgAAAAAAAAAAAAAAAAAAAAAAAAAAAAAAAAAAAAAAAAAAAAAAAAAAAAAAAAAA/////wAAAAAAAAAAAAAAAP////8AAAogY3UAAAAAAAAAAAAAAAAABUZpbGVzAAACAE8vOlVzZXJzOmVnZXI6c3dpdGNoZHJpdmU6Q2F1c2FsaXR5IHByb2plY3Q6bGl0ZXJhdHVyZTpGaWxlczpKb2xseV9ldGFsMjAwOGEucGRmAAAOACgAEwBKAG8AbABsAHkAXwBlAHQAYQBsADIAMAAwADgAYQAuAHAAZABmAA8AGgAMAE0AYQBjAGkAbgB0AG8AcwBoACAASABEABIATVVzZXJzL2VnZXIvc3dpdGNoZHJpdmUvQ2F1c2FsaXR5IHByb2plY3QvbGl0ZXJhdHVyZS9GaWxlcy9Kb2xseV9ldGFsMjAwOGEucGRmAAATAAEvAAAVAAIAC///AAAACAANABoAJACGAAAAAAAAAgEAAAAAAAAABQAAAAAAAAAAAAAAAAAAAio=}}

@article{dittmar2011children,
	Author = {Dittmar, Miriam and Abbot-Smith, Kirsten and Lieven, Elena and Tomasello, Michael},
	Date-Modified = {2018-03-07 08:12:50 +0000},
	Journal = {Journal of Child Language},
	Keywords = {Transitivity in causality},
	Number = {5},
	Pages = {1109--1123},
	Publisher = {Cambridge University Press},
	Title = {Children aged 2; 1 use transitive syntax to make a semantic-role interpretation in a pointing task},
	Volume = {38},
	Year = {2011},
	Bdsk-File-1 = {YnBsaXN0MDDSAQIDBFxyZWxhdGl2ZVBhdGhZYWxpYXNEYXRhXxBhLi4vLi4vLi4vLi4vLi4vLi4vVXNlcnMvZWdlci9zd2l0Y2hkcml2ZS9DYXVzYWxpdHkgcHJvamVjdC9saXRlcmF0dXJlL0ZpbGVzL0RpdHRtYXJfZXRhbDIwMTFhLnBkZk8RAagAAAAAAagAAgAADE1hY2ludG9zaCBIRAAAAAAAAAAAAAAAAAAAAAAAAABCRAAB/////xVEaXR0bWFyX2V0YWwyMDExYS5wZGYAAAAAAAAAAAAAAAAAAAAAAAAAAAAAAAAAAAAAAAAAAAAAAAAAAAAAAAD/////AAAAAAAAAAAAAAAA/////wAACiBjdQAAAAAAAAAAAAAAAAAFRmlsZXMAAAIAUS86VXNlcnM6ZWdlcjpzd2l0Y2hkcml2ZTpDYXVzYWxpdHkgcHJvamVjdDpsaXRlcmF0dXJlOkZpbGVzOkRpdHRtYXJfZXRhbDIwMTFhLnBkZgAADgAsABUARABpAHQAdABtAGEAcgBfAGUAdABhAGwAMgAwADEAMQBhAC4AcABkAGYADwAaAAwATQBhAGMAaQBuAHQAbwBzAGgAIABIAEQAEgBPVXNlcnMvZWdlci9zd2l0Y2hkcml2ZS9DYXVzYWxpdHkgcHJvamVjdC9saXRlcmF0dXJlL0ZpbGVzL0RpdHRtYXJfZXRhbDIwMTFhLnBkZgAAEwABLwAAFQACAAv//wAAAAgADQAaACQAiAAAAAAAAAIBAAAAAAAAAAUAAAAAAAAAAAAAAAAAAAI0}}

@article{dittmar2008german,
	Author = {Dittmar, Miriam and Abbot-Smith, Kirsten and Lieven, Elena and Tomasello, Michael},
	Date-Modified = {2018-03-07 08:10:16 +0000},
	Journal = {Child development},
	Keywords = {Causatives, German},
	Number = {4},
	Pages = {1152--1167},
	Publisher = {Wiley Online Library},
	Title = {German children's comprehension of word order and case marking in causative sentences},
	Volume = {79},
	Year = {2008},
	Bdsk-File-1 = {YnBsaXN0MDDSAQIDBFxyZWxhdGl2ZVBhdGhZYWxpYXNEYXRhXxBiLi4vLi4vLi4vLi4vLi4vLi4vVXNlcnMvZWdlci9zd2l0Y2hkcml2ZS9DYXVzYWxpdHkgcHJvamVjdC9saXRlcmF0dXJlL0ZpbGVzL0RpdHRtYXJfZXRhbF8yMDA4YS5wZGZPEQGqAAAAAAGqAAIAAAxNYWNpbnRvc2ggSEQAAAAAAAAAAAAAAAAAAAAAAAAAQkQAAf////8WRGl0dG1hcl9ldGFsXzIwMDhhLnBkZgAAAAAAAAAAAAAAAAAAAAAAAAAAAAAAAAAAAAAAAAAAAAAAAAAAAAAA/////wAAAAAAAAAAAAAAAP////8AAAogY3UAAAAAAAAAAAAAAAAABUZpbGVzAAACAFIvOlVzZXJzOmVnZXI6c3dpdGNoZHJpdmU6Q2F1c2FsaXR5IHByb2plY3Q6bGl0ZXJhdHVyZTpGaWxlczpEaXR0bWFyX2V0YWxfMjAwOGEucGRmAA4ALgAWAEQAaQB0AHQAbQBhAHIAXwBlAHQAYQBsAF8AMgAwADAAOABhAC4AcABkAGYADwAaAAwATQBhAGMAaQBuAHQAbwBzAGgAIABIAEQAEgBQVXNlcnMvZWdlci9zd2l0Y2hkcml2ZS9DYXVzYWxpdHkgcHJvamVjdC9saXRlcmF0dXJlL0ZpbGVzL0RpdHRtYXJfZXRhbF8yMDA4YS5wZGYAEwABLwAAFQACAAv//wAAAAgADQAaACQAiQAAAAAAAAIBAAAAAAAAAAUAAAAAAAAAAAAAAAAAAAI3}}

@article{brooks1999children,
	Author = {Brooks, Patricia J and Tomasello, Michael},
	Date-Modified = {2018-03-07 08:07:56 +0000},
	Journal = {Language},
	Keywords = {Transitivity in causality},
	Pages = {720--738},
	Publisher = {JSTOR},
	Title = {How children constrain their argument structure constructions},
	Year = {1999},
	Bdsk-File-1 = {YnBsaXN0MDDSAQIDBFxyZWxhdGl2ZVBhdGhZYWxpYXNEYXRhXxBgLi4vLi4vLi4vLi4vLi4vLi4vVXNlcnMvZWdlci9zd2l0Y2hkcml2ZS9DYXVzYWxpdHkgcHJvamVjdC9saXRlcmF0dXJlL0ZpbGVzL0Jyb29rc19ldGFsMTk5OWEucGRmTxEBogAAAAABogACAAAMTWFjaW50b3NoIEhEAAAAAAAAAAAAAAAAAAAAAAAAAEJEAAH/////FEJyb29rc19ldGFsMTk5OWEucGRmAAAAAAAAAAAAAAAAAAAAAAAAAAAAAAAAAAAAAAAAAAAAAAAAAAAAAAAAAP////8AAAAAAAAAAAAAAAD/////AAAKIGN1AAAAAAAAAAAAAAAAAAVGaWxlcwAAAgBQLzpVc2VyczplZ2VyOnN3aXRjaGRyaXZlOkNhdXNhbGl0eSBwcm9qZWN0OmxpdGVyYXR1cmU6RmlsZXM6QnJvb2tzX2V0YWwxOTk5YS5wZGYADgAqABQAQgByAG8AbwBrAHMAXwBlAHQAYQBsADEAOQA5ADkAYQAuAHAAZABmAA8AGgAMAE0AYQBjAGkAbgB0AG8AcwBoACAASABEABIATlVzZXJzL2VnZXIvc3dpdGNoZHJpdmUvQ2F1c2FsaXR5IHByb2plY3QvbGl0ZXJhdHVyZS9GaWxlcy9Ccm9va3NfZXRhbDE5OTlhLnBkZgATAAEvAAAVAAIAC///AAAACAANABoAJACHAAAAAAAAAgEAAAAAAAAABQAAAAAAAAAAAAAAAAAAAi0=}}

@book{Levin_1993a,
	Author = {Levin, Beth},
	Date-Added = {2018-01-31 11:51:07 +0000},
	Date-Modified = {2018-01-31 12:26:59 +0000},
	Keywords = {Causatives},
	Publisher = {University of Chicago press},
	Title = {English verb classes and alternations: A preliminary investigation},
	Year = {1993}}

@article{Waismeyer_etal2017a,
	Author = {Waismeyer, Anna and Meltzoff, Andrew N},
	Date-Modified = {2019-07-16 15:44:26 +0200},
	File = {:Files/Waismeyer_etal2017.pdf:PDF},
	Journal = {Journal of experimental child psychology},
	Keywords = {Causal cognition},
	Pages = {58--71},
	Publisher = {Elsevier},
	Title = {Learning to make things happen: Infants' observational learning of social and physical causal events},
	Volume = {162},
	Year = {2017},
	Bdsk-File-1 = {YnBsaXN0MDDSAQIDBFxyZWxhdGl2ZVBhdGhZYWxpYXNEYXRhXxDpLi4vLi4vLi4vLi4vLi4vLi4vVXNlcnMvZWdlci9zd2l0Y2hkcml2ZS9DQVVTQUxJVFkgUFJPSkVDVF9FQlJVL3JlYWRpbmdzL2FydGljbGVzIGNpdGVkIGluIHByb3Bvc2FsL1dhaXNtZXllciAmIE1lbHR6b2ZmICgyMDE3KS0gTGVhcm5pbmcgdG8gbWFrZSB0aGluZ3MgaGFwcGVuLSBJbmZhbnRzJyBvYnNlcnZhdGlvbmFsIGxlYXJuaW5nIG9mIHNvY2lhbCBhbmQgcGh5c2ljYWwgY2F1c2FsIGV2ZW50cy5wZGZPEQOsAAAAAAOsAAIAAAxNYWNpbnRvc2ggSEQAAAAAAAAAAAAAAAAAAAAAAAAAQkQAAf////8fV2Fpc21leWVyICYgTWVsdHpvI0ZGRkZGRkZGLnBkZgAAAAAAAAAAAAAAAAAAAAAAAAAAAAAAAAAAAAAAAAAA/////wAAAAAAAAAAAAAAAP////8AAAogY3UAAAAAAAAAAAAAAAAAGmFydGljbGVzIGNpdGVkIGluIHByb3Bvc2FsAAIA2S86VXNlcnM6ZWdlcjpzd2l0Y2hkcml2ZTpDQVVTQUxJVFkgUFJPSkVDVF9FQlJVOnJlYWRpbmdzOmFydGljbGVzIGNpdGVkIGluIHByb3Bvc2FsOldhaXNtZXllciAmIE1lbHR6b2ZmICgyMDE3KS0gTGVhcm5pbmcgdG8gbWFrZSB0aGluZ3MgaGFwcGVuLSBJbmZhbnRzJyBvYnNlcnZhdGlvbmFsIGxlYXJuaW5nIG9mIHNvY2lhbCBhbmQgcGh5c2ljYWwgY2F1c2FsIGV2ZW50cy5wZGYAAA4BDACFAFcAYQBpAHMAbQBlAHkAZQByACAAJgAgAE0AZQBsAHQAegBvAGYAZgAgACgAMgAwADEANwApAC0AIABMAGUAYQByAG4AaQBuAGcAIAB0AG8AIABtAGEAawBlACAAdABoAGkAbgBnAHMAIABoAGEAcABwAGUAbgAtACAASQBuAGYAYQBuAHQAcwAnACAAbwBiAHMAZQByAHYAYQB0AGkAbwBuAGEAbAAgAGwAZQBhAHIAbgBpAG4AZwAgAG8AZgAgAHMAbwBjAGkAYQBsACAAYQBuAGQAIABwAGgAeQBzAGkAYwBhAGwAIABjAGEAdQBzAGEAbAAgAGUAdgBlAG4AdABzAC4AcABkAGYADwAaAAwATQBhAGMAaQBuAHQAbwBzAGgAIABIAEQAEgDXVXNlcnMvZWdlci9zd2l0Y2hkcml2ZS9DQVVTQUxJVFkgUFJPSkVDVF9FQlJVL3JlYWRpbmdzL2FydGljbGVzIGNpdGVkIGluIHByb3Bvc2FsL1dhaXNtZXllciAmIE1lbHR6b2ZmICgyMDE3KS0gTGVhcm5pbmcgdG8gbWFrZSB0aGluZ3MgaGFwcGVuLSBJbmZhbnRzJyBvYnNlcnZhdGlvbmFsIGxlYXJuaW5nIG9mIHNvY2lhbCBhbmQgcGh5c2ljYWwgY2F1c2FsIGV2ZW50cy5wZGYAABMAAS8AABUAAgAL//8AAAAIAA0AGgAkARAAAAAAAAACAQAAAAAAAAAFAAAAAAAAAAAAAAAAAAAEwA==}}

@article{bonawitz2010just,
	Author = {Bonawitz, Elizabeth Baraff and Ferranti, Darlene and Saxe, Rebecca and Gopnik, Alison and Meltzoff, Andrew N and Woodward, James and Schulz, Laura E},
	Date-Modified = {2019-07-16 15:44:33 +0200},
	Journal = {Cognition},
	Keywords = {Causal understanding},
	Number = {1},
	Pages = {104--117},
	Publisher = {Elsevier},
	Title = {Just do it? Investigating the gap between prediction and action in toddlers' causal inferences},
	Volume = {115},
	Year = {2010},
	Bdsk-File-1 = {YnBsaXN0MDDSAQIDBFxyZWxhdGl2ZVBhdGhZYWxpYXNEYXRhXxBiLi4vLi4vLi4vLi4vLi4vLi4vVXNlcnMvZWdlci9zd2l0Y2hkcml2ZS9DYXVzYWxpdHkgcHJvamVjdC9saXRlcmF0dXJlL0ZpbGVzL0JvbmF3aXR6X2V0YWwyMDEwYS5wZGZPEQGqAAAAAAGqAAIAAAxNYWNpbnRvc2ggSEQAAAAAAAAAAAAAAAAAAAAAAAAAQkQAAf////8WQm9uYXdpdHpfZXRhbDIwMTBhLnBkZgAAAAAAAAAAAAAAAAAAAAAAAAAAAAAAAAAAAAAAAAAAAAAAAAAAAAAA/////wAAAAAAAAAAAAAAAP////8AAAogY3UAAAAAAAAAAAAAAAAABUZpbGVzAAACAFIvOlVzZXJzOmVnZXI6c3dpdGNoZHJpdmU6Q2F1c2FsaXR5IHByb2plY3Q6bGl0ZXJhdHVyZTpGaWxlczpCb25hd2l0el9ldGFsMjAxMGEucGRmAA4ALgAWAEIAbwBuAGEAdwBpAHQAegBfAGUAdABhAGwAMgAwADEAMABhAC4AcABkAGYADwAaAAwATQBhAGMAaQBuAHQAbwBzAGgAIABIAEQAEgBQVXNlcnMvZWdlci9zd2l0Y2hkcml2ZS9DYXVzYWxpdHkgcHJvamVjdC9saXRlcmF0dXJlL0ZpbGVzL0JvbmF3aXR6X2V0YWwyMDEwYS5wZGYAEwABLwAAFQACAAv//wAAAAgADQAaACQAiQAAAAAAAAIBAAAAAAAAAAUAAAAAAAAAAAAAAAAAAAI3}}

@article{Wu_etal2016a,
	Author = {Wu, Yang and Muentener, Paul and Schulza, Laura E},
	Date-Added = {2017-11-15 16:15:03 +0000},
	Date-Modified = {2017-11-15 16:22:45 +0000},
	Journal = {Cognitive Science},
	Keywords = {Causatives, Agentive},
	Number = {8},
	Pages = {1854--1876},
	Title = {The invisible hand: toddlers connect probabilistic events with agentive events},
	Volume = {40},
	Year = {2016},
	Bdsk-File-1 = {YnBsaXN0MDDSAQIDBFxyZWxhdGl2ZVBhdGhZYWxpYXNEYXRhXxCRLi4vLi4vLi4vcmVhZGluZ3MvYXJ0aWNsZXMgY2l0ZWQgaW4gcHJvcG9zYWwvV3UgZXQgYWwuICgyMDE2KS0gVGhlIGludmlzaWJsZSBoYW5kLSB0b2RkbGVycyBjb25uZWN0IHByb2JhYmlsaXN0aWMgZXZlbnRzIHdpdGggYWdlbnRpdmUgZXZlbnRzLnBkZk8RAuYAAAAAAuYAAgAABVZPTEtJAAAAAAAAAAAAAAAAAAAAAAAAAAAAAAAAAABCRAAB/////x9XdSBldCBhbC4gKDIwMTYpLSAjRkZGRkZGRkYucGRmAAAAAAAAAAAAAAAAAAAAAAAAAAAAAAAAAAAAAAAAAAD/////AAAAAAAAAAAAAAAAAAMAAwAACgJJUwAAAAAAAAAAAAAAAAAaYXJ0aWNsZXMgY2l0ZWQgaW4gcHJvcG9zYWwAAgCiLzpWb2x1bWVzOlZPTEtJOkNBVVNBTElUWTpyZWFkaW5nczphcnRpY2xlcyBjaXRlZCBpbiBwcm9wb3NhbDpXdSBldCBhbC4gKDIwMTYpLSBUaGUgaW52aXNpYmxlIGhhbmQtIHRvZGRsZXJzIGNvbm5lY3QgcHJvYmFiaWxpc3RpYyBldmVudHMgd2l0aCBhZ2VudGl2ZSBldmVudHMucGRmAA4AygBkAFcAdQAgAGUAdAAgAGEAbAAuACAAKAAyADAAMQA2ACkALQAgAFQAaABlACAAaQBuAHYAaQBzAGkAYgBsAGUAIABoAGEAbgBkAC0AIAB0AG8AZABkAGwAZQByAHMAIABjAG8AbgBuAGUAYwB0ACAAcAByAG8AYgBhAGIAaQBsAGkAcwB0AGkAYwAgAGUAdgBlAG4AdABzACAAdwBpAHQAaAAgAGEAZwBlAG4AdABpAHYAZQAgAGUAdgBlAG4AdABzAC4AcABkAGYADwAMAAUAVgBPAEwASwBJABIAky9DQVVTQUxJVFkvcmVhZGluZ3MvYXJ0aWNsZXMgY2l0ZWQgaW4gcHJvcG9zYWwvV3UgZXQgYWwuICgyMDE2KS0gVGhlIGludmlzaWJsZSBoYW5kLSB0b2RkbGVycyBjb25uZWN0IHByb2JhYmlsaXN0aWMgZXZlbnRzIHdpdGggYWdlbnRpdmUgZXZlbnRzLnBkZgAAEwAOL1ZvbHVtZXMvVk9MS0n//wAAAAgADQAaACQAuAAAAAAAAAIBAAAAAAAAAAUAAAAAAAAAAAAAAAAAAAOi}}

@article{Arunachalam2015,
	Author = {Arunachalam, Sudha and Waxman, Sandra R},
	Date-Modified = {2019-07-24 09:58:57 +0200},
	Journal = {Language acquisition},
	Keywords = {Syntax in verb learning},
	Number = {2},
	Pages = {117--131},
	Publisher = {Taylor \& Francis},
	Title = {Let's see a boy and a balloon: Argument labels and syntactic frame in verb learning},
	Volume = {22},
	Year = {2015},
	Bdsk-File-1 = {YnBsaXN0MDDSAQIDBFxyZWxhdGl2ZVBhdGhZYWxpYXNEYXRhXxBgLi4vLi4vLi4vLi4vLi4vLi4vVXNlcnMvZWdlci9zd2l0Y2hkcml2ZS9DYXVzYWxpdHkgcHJvamVjdC9saXRlcmF0dXJlL0ZpbGVzL0FydW5hY2hhbGFtMjAxNWEucGRmTxEBogAAAAABogACAAAMTWFjaW50b3NoIEhEAAAAAAAAAAAAAAAAAAAAAAAAAEJEAAH/////FEFydW5hY2hhbGFtMjAxNWEucGRmAAAAAAAAAAAAAAAAAAAAAAAAAAAAAAAAAAAAAAAAAAAAAAAAAAAAAAAAAP////8AAAAAAAAAAAAAAAD/////AAAKIGN1AAAAAAAAAAAAAAAAAAVGaWxlcwAAAgBQLzpVc2VyczplZ2VyOnN3aXRjaGRyaXZlOkNhdXNhbGl0eSBwcm9qZWN0OmxpdGVyYXR1cmU6RmlsZXM6QXJ1bmFjaGFsYW0yMDE1YS5wZGYADgAqABQAQQByAHUAbgBhAGMAaABhAGwAYQBtADIAMAAxADUAYQAuAHAAZABmAA8AGgAMAE0AYQBjAGkAbgB0AG8AcwBoACAASABEABIATlVzZXJzL2VnZXIvc3dpdGNoZHJpdmUvQ2F1c2FsaXR5IHByb2plY3QvbGl0ZXJhdHVyZS9GaWxlcy9BcnVuYWNoYWxhbTIwMTVhLnBkZgATAAEvAAAVAAIAC///AAAACAANABoAJACHAAAAAAAAAgEAAAAAAAAABQAAAAAAAAAAAAAAAAAAAi0=}}

@article{bernal2007syntax,
	Author = {Bernal, Savita and Lidz, Jeffrey and Millotte, S{\'e}verine and Christophe, Anne},
	Journal = {Language Learning and Development},
	Keywords = {Syntax in verb learning},
	Number = {4},
	Pages = {325--341},
	Publisher = {Taylor \& Francis},
	Title = {Syntax constrains the acquisition of verb meaning},
	Volume = {3},
	Year = {2007},
	Bdsk-File-1 = {YnBsaXN0MDDSAQIDBFxyZWxhdGl2ZVBhdGhZYWxpYXNEYXRhXxCvLi4vLi4vLi4vLi4vLi4vLi4vVXNlcnMvZWdlci9zd2l0Y2hkcml2ZS9DQVVTQUxJVFkgUFJPSkVDVF9FQlJVL3JlYWRpbmdzL2FydGljbGVzIGNpdGVkIGluIHByb3Bvc2FsL0Jlcm5hbCBldCBhbC4gKDIwMDcpLSBTeW50YXggY29uc3RyYWlucyB0aGUgYWNxdWlzaXRpb24gb2YgdmVyYiBtZWFuaW5nLnBkZk8RAsQAAAAAAsQAAgAADE1hY2ludG9zaCBIRAAAAAAAAAAAAAAAAAAAAAAAAABCRAAB/////x9CZXJuYWwgZXQgYWwuICgyMDAjRkZGRkZGRkYucGRmAAAAAAAAAAAAAAAAAAAAAAAAAAAAAAAAAAAAAAAAAAD/////AAAAAAAAAAAAAAAA/////wAACiBjdQAAAAAAAAAAAAAAAAAaYXJ0aWNsZXMgY2l0ZWQgaW4gcHJvcG9zYWwAAgCfLzpVc2VyczplZ2VyOnN3aXRjaGRyaXZlOkNBVVNBTElUWSBQUk9KRUNUX0VCUlU6cmVhZGluZ3M6YXJ0aWNsZXMgY2l0ZWQgaW4gcHJvcG9zYWw6QmVybmFsIGV0IGFsLiAoMjAwNyktIFN5bnRheCBjb25zdHJhaW5zIHRoZSBhY3F1aXNpdGlvbiBvZiB2ZXJiIG1lYW5pbmcucGRmAAAOAJgASwBCAGUAcgBuAGEAbAAgAGUAdAAgAGEAbAAuACAAKAAyADAAMAA3ACkALQAgAFMAeQBuAHQAYQB4ACAAYwBvAG4AcwB0AHIAYQBpAG4AcwAgAHQAaABlACAAYQBjAHEAdQBpAHMAaQB0AGkAbwBuACAAbwBmACAAdgBlAHIAYgAgAG0AZQBhAG4AaQBuAGcALgBwAGQAZgAPABoADABNAGEAYwBpAG4AdABvAHMAaAAgAEgARAASAJ1Vc2Vycy9lZ2VyL3N3aXRjaGRyaXZlL0NBVVNBTElUWSBQUk9KRUNUX0VCUlUvcmVhZGluZ3MvYXJ0aWNsZXMgY2l0ZWQgaW4gcHJvcG9zYWwvQmVybmFsIGV0IGFsLiAoMjAwNyktIFN5bnRheCBjb25zdHJhaW5zIHRoZSBhY3F1aXNpdGlvbiBvZiB2ZXJiIG1lYW5pbmcucGRmAAATAAEvAAAVAAIAC///AAAACAANABoAJADWAAAAAAAAAgEAAAAAAAAABQAAAAAAAAAAAAAAAAAAA54=}}

@article{bloom1980semantics,
	Author = {Bloom, Lois and Lifter, Karin and Hafitz, Jeremie},
	Journal = {Language},
	Keywords = {Development of verb inflection},
	Pages = {386--412},
	Publisher = {JSTOR},
	Title = {Semantics of verbs and the development of verb inflection in child language},
	Year = {1980},
	Bdsk-File-1 = {YnBsaXN0MDDSAQIDBFxyZWxhdGl2ZVBhdGhZYWxpYXNEYXRhXxC2Li4vLi4vLi4vLi4vLi4vLi4vVXNlcnMvZWdlci9zd2l0Y2hkcml2ZS9DQVVTQUxJVFkgUFJPSkVDVF9FQlJVL3JlYWRpbmdzL2FydGljbGVzIGNpdGVkIGluIHByb3Bvc2FsL0Jsb29tIGV0IGFsLiAoMTk4MCktIFNlbWFudGljcyBvZiB2ZXJicyBhbmQgdGhlIGRldmVsb3BtZW50IG9mIHZlcmIgaW5mbGVjdGlvbi5wZGZPEQLeAAAAAALeAAIAAAxNYWNpbnRvc2ggSEQAAAAAAAAAAAAAAAAAAAAAAAAAQkQAAf////8fQmxvb20gZXQgYWwuICgxOTgwI0ZGRkZGRkZGLnBkZgAAAAAAAAAAAAAAAAAAAAAAAAAAAAAAAAAAAAAAAAAA/////wAAAAAAAAAAAAAAAP////8AAAogY3UAAAAAAAAAAAAAAAAAGmFydGljbGVzIGNpdGVkIGluIHByb3Bvc2FsAAIApi86VXNlcnM6ZWdlcjpzd2l0Y2hkcml2ZTpDQVVTQUxJVFkgUFJPSkVDVF9FQlJVOnJlYWRpbmdzOmFydGljbGVzIGNpdGVkIGluIHByb3Bvc2FsOkJsb29tIGV0IGFsLiAoMTk4MCktIFNlbWFudGljcyBvZiB2ZXJicyBhbmQgdGhlIGRldmVsb3BtZW50IG9mIHZlcmIgaW5mbGVjdGlvbi5wZGYADgCmAFIAQgBsAG8AbwBtACAAZQB0ACAAYQBsAC4AIAAoADEAOQA4ADAAKQAtACAAUwBlAG0AYQBuAHQAaQBjAHMAIABvAGYAIAB2AGUAcgBiAHMAIABhAG4AZAAgAHQAaABlACAAZABlAHYAZQBsAG8AcABtAGUAbgB0ACAAbwBmACAAdgBlAHIAYgAgAGkAbgBmAGwAZQBjAHQAaQBvAG4ALgBwAGQAZgAPABoADABNAGEAYwBpAG4AdABvAHMAaAAgAEgARAASAKRVc2Vycy9lZ2VyL3N3aXRjaGRyaXZlL0NBVVNBTElUWSBQUk9KRUNUX0VCUlUvcmVhZGluZ3MvYXJ0aWNsZXMgY2l0ZWQgaW4gcHJvcG9zYWwvQmxvb20gZXQgYWwuICgxOTgwKS0gU2VtYW50aWNzIG9mIHZlcmJzIGFuZCB0aGUgZGV2ZWxvcG1lbnQgb2YgdmVyYiBpbmZsZWN0aW9uLnBkZgATAAEvAAAVAAIAC///AAAACAANABoAJADdAAAAAAAAAgEAAAAAAAAABQAAAAAAAAAAAAAAAAAAA78=}}

@article{bowerman1974learning,
	Author = {Bowerman, Melissa},
	Journal = {Papers and reports on child language development},
	Keywords = {Causatives},
	Pages = {142--178},
	Publisher = {Stanford University. Committee on Linguistics},
	Title = {Learning the structure of causative verbs: A study in the relationship of cognitive, semantic, and syntactic development},
	Volume = {8},
	Year = {1974},
	Bdsk-File-1 = {YnBsaXN0MDDSAQIDBFxyZWxhdGl2ZVBhdGhZYWxpYXNEYXRhXxBdLi4vLi4vLi4vLi4vLi4vLi4vVXNlcnMvZWdlci9zd2l0Y2hkcml2ZS9DYXVzYWxpdHkgcHJvamVjdC9saXRlcmF0dXJlL0ZpbGVzL0Jvd2VybWFuMTk3NGEucGRmTxEBmAAAAAABmAACAAAMTWFjaW50b3NoIEhEAAAAAAAAAAAAAAAAAAAAAAAAAEJEAAH/////EUJvd2VybWFuMTk3NGEucGRmAAAAAAAAAAAAAAAAAAAAAAAAAAAAAAAAAAAAAAAAAAAAAAAAAAAAAAAAAAAAAP////8AAAAAAAAAAAAAAAD/////AAAKIGN1AAAAAAAAAAAAAAAAAAVGaWxlcwAAAgBNLzpVc2VyczplZ2VyOnN3aXRjaGRyaXZlOkNhdXNhbGl0eSBwcm9qZWN0OmxpdGVyYXR1cmU6RmlsZXM6Qm93ZXJtYW4xOTc0YS5wZGYAAA4AJAARAEIAbwB3AGUAcgBtAGEAbgAxADkANwA0AGEALgBwAGQAZgAPABoADABNAGEAYwBpAG4AdABvAHMAaAAgAEgARAASAEtVc2Vycy9lZ2VyL3N3aXRjaGRyaXZlL0NhdXNhbGl0eSBwcm9qZWN0L2xpdGVyYXR1cmUvRmlsZXMvQm93ZXJtYW4xOTc0YS5wZGYAABMAAS8AABUAAgAL//8AAAAIAA0AGgAkAIQAAAAAAAACAQAAAAAAAAAFAAAAAAAAAAAAAAAAAAACIA==}}

@article{bedore2000effects,
	Author = {Bedore, Lisa M and Leonard, Laurence B},
	Journal = {Journal of Speech, Language, and Hearing Research},
	Keywords = {Inflectional variation, Spanish, English},
	Number = {1},
	Pages = {21--33},
	Publisher = {ASHA},
	Title = {The effects of inflectional variation on fast mapping of verbs in English and Spanish},
	Volume = {43},
	Year = {2000},
	Bdsk-File-1 = {YnBsaXN0MDDSAQIDBFxyZWxhdGl2ZVBhdGhZYWxpYXNEYXRhXxDWLi4vLi4vLi4vLi4vLi4vLi4vVXNlcnMvZWdlci9zd2l0Y2hkcml2ZS9DQVVTQUxJVFkgUFJPSkVDVF9FQlJVL3JlYWRpbmdzL2FydGljbGVzIGNpdGVkIGluIHByb3Bvc2FsL0JlZG9yZSAmIExlb25hcmQgKDIwMDApLSBUaGUgZWZmZWN0cyBvZiBpbmZsZWN0aW9uYWwgdmFyaWF0aW9uIG9uIGZhc3QgbWFwcGluZyBvZiB2ZXJicyBpbiBlbmdsaXNoIGFuZCBzcGFuaXNoLnBkZk8RA14AAAAAA14AAgAADE1hY2ludG9zaCBIRAAAAAAAAAAAAAAAAAAAAAAAAABCRAAB/////x9CZWRvcmUgJiBMZW9uYXJkICgjRkZGRkZGRkYucGRmAAAAAAAAAAAAAAAAAAAAAAAAAAAAAAAAAAAAAAAAAAD/////AAAAAAAAAAAAAAAA/////wAACiBjdQAAAAAAAAAAAAAAAAAaYXJ0aWNsZXMgY2l0ZWQgaW4gcHJvcG9zYWwAAgDGLzpVc2VyczplZ2VyOnN3aXRjaGRyaXZlOkNBVVNBTElUWSBQUk9KRUNUX0VCUlU6cmVhZGluZ3M6YXJ0aWNsZXMgY2l0ZWQgaW4gcHJvcG9zYWw6QmVkb3JlICYgTGVvbmFyZCAoMjAwMCktIFRoZSBlZmZlY3RzIG9mIGluZmxlY3Rpb25hbCB2YXJpYXRpb24gb24gZmFzdCBtYXBwaW5nIG9mIHZlcmJzIGluIGVuZ2xpc2ggYW5kIHNwYW5pc2gucGRmAA4A5gByAEIAZQBkAG8AcgBlACAAJgAgAEwAZQBvAG4AYQByAGQAIAAoADIAMAAwADAAKQAtACAAVABoAGUAIABlAGYAZgBlAGMAdABzACAAbwBmACAAaQBuAGYAbABlAGMAdABpAG8AbgBhAGwAIAB2AGEAcgBpAGEAdABpAG8AbgAgAG8AbgAgAGYAYQBzAHQAIABtAGEAcABwAGkAbgBnACAAbwBmACAAdgBlAHIAYgBzACAAaQBuACAAZQBuAGcAbABpAHMAaAAgAGEAbgBkACAAcwBwAGEAbgBpAHMAaAAuAHAAZABmAA8AGgAMAE0AYQBjAGkAbgB0AG8AcwBoACAASABEABIAxFVzZXJzL2VnZXIvc3dpdGNoZHJpdmUvQ0FVU0FMSVRZIFBST0pFQ1RfRUJSVS9yZWFkaW5ncy9hcnRpY2xlcyBjaXRlZCBpbiBwcm9wb3NhbC9CZWRvcmUgJiBMZW9uYXJkICgyMDAwKS0gVGhlIGVmZmVjdHMgb2YgaW5mbGVjdGlvbmFsIHZhcmlhdGlvbiBvbiBmYXN0IG1hcHBpbmcgb2YgdmVyYnMgaW4gZW5nbGlzaCBhbmQgc3BhbmlzaC5wZGYAEwABLwAAFQACAAv//wAAAAgADQAaACQA/QAAAAAAAAIBAAAAAAAAAAUAAAAAAAAAAAAAAAAAAARf}}

@article{berko1958child,
	Author = {Berko, Jean},
	Journal = {Word},
	Keywords = {Morphology, English},
	Number = {2-3},
	Pages = {150--177},
	Publisher = {Taylor \& Francis},
	Title = {The child's learning of English morphology},
	Volume = {14},
	Year = {1958},
	Bdsk-File-1 = {YnBsaXN0MDDSAQIDBFxyZWxhdGl2ZVBhdGhZYWxpYXNEYXRhXxBaLi4vLi4vLi4vLi4vLi4vLi4vVXNlcnMvZWdlci9zd2l0Y2hkcml2ZS9DYXVzYWxpdHkgcHJvamVjdC9saXRlcmF0dXJlL0ZpbGVzL0JlcmtvMTk1OGEucGRmTxEBigAAAAABigACAAAMTWFjaW50b3NoIEhEAAAAAAAAAAAAAAAAAAAAAAAAAEJEAAH/////DkJlcmtvMTk1OGEucGRmAAAAAAAAAAAAAAAAAAAAAAAAAAAAAAAAAAAAAAAAAAAAAAAAAAAAAAAAAAAAAAAAAP////8AAAAAAAAAAAAAAAD/////AAAKIGN1AAAAAAAAAAAAAAAAAAVGaWxlcwAAAgBKLzpVc2VyczplZ2VyOnN3aXRjaGRyaXZlOkNhdXNhbGl0eSBwcm9qZWN0OmxpdGVyYXR1cmU6RmlsZXM6QmVya28xOTU4YS5wZGYADgAeAA4AQgBlAHIAawBvADEAOQA1ADgAYQAuAHAAZABmAA8AGgAMAE0AYQBjAGkAbgB0AG8AcwBoACAASABEABIASFVzZXJzL2VnZXIvc3dpdGNoZHJpdmUvQ2F1c2FsaXR5IHByb2plY3QvbGl0ZXJhdHVyZS9GaWxlcy9CZXJrbzE5NThhLnBkZgATAAEvAAAVAAIAC///AAAACAANABoAJACBAAAAAAAAAgEAAAAAAAAABQAAAAAAAAAAAAAAAAAAAg8=}}

@article{Aksu2009evidentials,
	Author = {Aksu-Ko{\c{c}}, Ayhan and {\"O}gel-Balaban, Hale and Alp, {\.I} Ercan},
	Date-Modified = {2019-07-24 09:40:44 +0200},
	Journal = {New Directions for Child and Adolescent Development},
	Keywords = {Evidentials, Turkish},
	Number = {125},
	Pages = {13--28},
	Publisher = {Wiley Online Library},
	Title = {Evidentials and source knowledge in Turkish},
	Volume = {2009},
	Year = {2009},
	Bdsk-File-1 = {YnBsaXN0MDDSAQIDBFxyZWxhdGl2ZVBhdGhZYWxpYXNEYXRhXxBZLi4vLi4vLi4vLi4vLi4vLi4vVXNlcnMvZWdlci9zd2l0Y2hkcml2ZS9DYXVzYWxpdHkgcHJvamVjdC9saXRlcmF0dXJlL0ZpbGVzL0Frc3UyMDA5YS5wZGZPEQGIAAAAAAGIAAIAAAxNYWNpbnRvc2ggSEQAAAAAAAAAAAAAAAAAAAAAAAAAQkQAAf////8NQWtzdTIwMDlhLnBkZgAAAAAAAAAAAAAAAAAAAAAAAAAAAAAAAAAAAAAAAAAAAAAAAAAAAAAAAAAAAAAAAAAA/////wAAAAAAAAAAAAAAAP////8AAAogY3UAAAAAAAAAAAAAAAAABUZpbGVzAAACAEkvOlVzZXJzOmVnZXI6c3dpdGNoZHJpdmU6Q2F1c2FsaXR5IHByb2plY3Q6bGl0ZXJhdHVyZTpGaWxlczpBa3N1MjAwOWEucGRmAAAOABwADQBBAGsAcwB1ADIAMAAwADkAYQAuAHAAZABmAA8AGgAMAE0AYQBjAGkAbgB0AG8AcwBoACAASABEABIAR1VzZXJzL2VnZXIvc3dpdGNoZHJpdmUvQ2F1c2FsaXR5IHByb2plY3QvbGl0ZXJhdHVyZS9GaWxlcy9Ba3N1MjAwOWEucGRmAAATAAEvAAAVAAIAC///AAAACAANABoAJACAAAAAAAAAAgEAAAAAAAAABQAAAAAAAAAAAAAAAAAAAgw=}}

@inbook{Aksu2003early,
	Author = {Aksu-Ko{\c{c}}, Ayhan},
	Date-Modified = {2019-07-24 09:40:50 +0200},
	Journal = {Development of verb inflection in first language acquisition: A cross-linguistic perspective},
	Keywords = {Verbal morphology, Turkish},
	Pages = {27},
	Publisher = {Walter de Gruyter},
	Title = {Early verbal morphology in Turkish: Emergence of inflections},
	Volume = {21},
	Year = {2003}}

@article{Ammon_etal1979a,
	Author = {Ammon, Mary Sue and Slobin, Dan I},
	Date-Added = {2016-02-09 15:04:35 +0000},
	Date-Modified = {2016-02-09 15:05:40 +0000},
	Journal = {Cognition},
	Keywords = {Causatives},
	Number = {1},
	Pages = {3--17},
	Publisher = {Elsevier},
	Title = {A cross-linguistic study of the processing of causative sentences},
	Volume = {7},
	Year = {1979},
	Bdsk-File-1 = {YnBsaXN0MDDSAQIDBFxyZWxhdGl2ZVBhdGhZYWxpYXNEYXRhXxBfLi4vLi4vLi4vLi4vLi4vLi4vVXNlcnMvZWdlci9zd2l0Y2hkcml2ZS9DYXVzYWxpdHkgcHJvamVjdC9saXRlcmF0dXJlL0ZpbGVzL0FtbW9uX2V0YWwxOTc5YS5wZGZPEQGgAAAAAAGgAAIAAAxNYWNpbnRvc2ggSEQAAAAAAAAAAAAAAAAAAAAAAAAAQkQAAf////8TQW1tb25fZXRhbDE5NzlhLnBkZgAAAAAAAAAAAAAAAAAAAAAAAAAAAAAAAAAAAAAAAAAAAAAAAAAAAAAAAAAA/////wAAAAAAAAAAAAAAAP////8AAAogY3UAAAAAAAAAAAAAAAAABUZpbGVzAAACAE8vOlVzZXJzOmVnZXI6c3dpdGNoZHJpdmU6Q2F1c2FsaXR5IHByb2plY3Q6bGl0ZXJhdHVyZTpGaWxlczpBbW1vbl9ldGFsMTk3OWEucGRmAAAOACgAEwBBAG0AbQBvAG4AXwBlAHQAYQBsADEAOQA3ADkAYQAuAHAAZABmAA8AGgAMAE0AYQBjAGkAbgB0AG8AcwBoACAASABEABIATVVzZXJzL2VnZXIvc3dpdGNoZHJpdmUvQ2F1c2FsaXR5IHByb2plY3QvbGl0ZXJhdHVyZS9GaWxlcy9BbW1vbl9ldGFsMTk3OWEucGRmAAATAAEvAAAVAAIAC///AAAACAANABoAJACGAAAAAAAAAgEAAAAAAAAABQAAAAAAAAAAAAAAAAAAAio=}}

@inproceedings{Pinon2001a,
	Author = {Pi{\~n}{\'o}n, Christopher},
	Booktitle = {Proceedings of semantics and linguistic theory},
	Date-Added = {2016-01-08 10:05:31 +0000},
	Date-Modified = {2016-01-18 10:00:07 +0000},
	Editor = {Hastings, Rachel and Jackson, Brendan and Zvolenszky, Zsofia},
	Keywords = {Causatives, Inchoatives},
	Pages = {346--364},
	Publisher = {CLC Publications},
	Title = {A finer look at the causative-inchoativealternation},
	Volume = {11},
	Year = {2001},
	Bdsk-File-1 = {YnBsaXN0MDDSAQIDBFxyZWxhdGl2ZVBhdGhZYWxpYXNEYXRhXxBaLi4vLi4vLi4vLi4vLi4vLi4vVXNlcnMvZWdlci9zd2l0Y2hkcml2ZS9DYXVzYWxpdHkgcHJvamVjdC9saXRlcmF0dXJlL0ZpbGVzL1Bpbm9uMjAwMWEucGRmTxEBigAAAAABigACAAAMTWFjaW50b3NoIEhEAAAAAAAAAAAAAAAAAAAAAAAAAEJEAAH/////DlBpbm9uMjAwMWEucGRmAAAAAAAAAAAAAAAAAAAAAAAAAAAAAAAAAAAAAAAAAAAAAAAAAAAAAAAAAAAAAAAAAP////8AAAAAAAAAAAAAAAD/////AAAKIGN1AAAAAAAAAAAAAAAAAAVGaWxlcwAAAgBKLzpVc2VyczplZ2VyOnN3aXRjaGRyaXZlOkNhdXNhbGl0eSBwcm9qZWN0OmxpdGVyYXR1cmU6RmlsZXM6UGlub24yMDAxYS5wZGYADgAeAA4AUABpAG4AbwBuADIAMAAwADEAYQAuAHAAZABmAA8AGgAMAE0AYQBjAGkAbgB0AG8AcwBoACAASABEABIASFVzZXJzL2VnZXIvc3dpdGNoZHJpdmUvQ2F1c2FsaXR5IHByb2plY3QvbGl0ZXJhdHVyZS9GaWxlcy9QaW5vbjIwMDFhLnBkZgATAAEvAAAVAAIAC///AAAACAANABoAJACBAAAAAAAAAgEAAAAAAAAABQAAAAAAAAAAAAAAAAAAAg8=}}

@article{Son_etal2008a,
	Author = {Son, Minjeong and Cole, Peter},
	Date-Added = {2016-01-08 13:57:10 +0000},
	Date-Modified = {2016-01-08 14:00:20 +0000},
	Journal = {Language},
	Keywords = {Causatives, Indonesian},
	Number = {1},
	Pages = {120--160},
	Title = {An Event-Based Account of -kan Constructions in Standard Indonesian},
	Volume = {84},
	Year = {2008},
	Bdsk-File-1 = {YnBsaXN0MDDSAQIDBFxyZWxhdGl2ZVBhdGhZYWxpYXNEYXRhXxBdLi4vLi4vLi4vLi4vLi4vLi4vVXNlcnMvZWdlci9zd2l0Y2hkcml2ZS9DYXVzYWxpdHkgcHJvamVjdC9saXRlcmF0dXJlL0ZpbGVzL1Nvbl9ldGFsMjAwOGEucGRmTxEBmAAAAAABmAACAAAMTWFjaW50b3NoIEhEAAAAAAAAAAAAAAAAAAAAAAAAAEJEAAH/////EVNvbl9ldGFsMjAwOGEucGRmAAAAAAAAAAAAAAAAAAAAAAAAAAAAAAAAAAAAAAAAAAAAAAAAAAAAAAAAAAAAAP////8AAAAAAAAAAAAAAAD/////AAAKIGN1AAAAAAAAAAAAAAAAAAVGaWxlcwAAAgBNLzpVc2VyczplZ2VyOnN3aXRjaGRyaXZlOkNhdXNhbGl0eSBwcm9qZWN0OmxpdGVyYXR1cmU6RmlsZXM6U29uX2V0YWwyMDA4YS5wZGYAAA4AJAARAFMAbwBuAF8AZQB0AGEAbAAyADAAMAA4AGEALgBwAGQAZgAPABoADABNAGEAYwBpAG4AdABvAHMAaAAgAEgARAASAEtVc2Vycy9lZ2VyL3N3aXRjaGRyaXZlL0NhdXNhbGl0eSBwcm9qZWN0L2xpdGVyYXR1cmUvRmlsZXMvU29uX2V0YWwyMDA4YS5wZGYAABMAAS8AABUAAgAL//8AAAAIAA0AGgAkAIQAAAAAAAACAQAAAAAAAAAFAAAAAAAAAAAAAAAAAAACIA==}}

@phdthesis{Escamilla2012a,
	Author = {Escamilla, Ramon Matthew},
	Date-Added = {2015-12-16 08:37:33 +0000},
	Date-Modified = {2015-12-16 08:41:17 +0000},
	Keywords = {Causatives, Athabaskan, Tibeto-Burman},
	School = {University of California, Berkeley},
	Title = {An updated typology of causative constructions: Form-function mappings in Hupa (California Athabaskan), Chungli Ao (Tibeto-Burman) and beyond},
	Year = {2012},
	Bdsk-File-1 = {YnBsaXN0MDDSAQIDBFxyZWxhdGl2ZVBhdGhZYWxpYXNEYXRhXxBeLi4vLi4vLi4vLi4vLi4vLi4vVXNlcnMvZWdlci9zd2l0Y2hkcml2ZS9DYXVzYWxpdHkgcHJvamVjdC9saXRlcmF0dXJlL0ZpbGVzL0VzY2FtaWxsYTIwMTJhLnBkZk8RAZoAAAAAAZoAAgAADE1hY2ludG9zaCBIRAAAAAAAAAAAAAAAAAAAAAAAAABCRAAB/////xJFc2NhbWlsbGEyMDEyYS5wZGYAAAAAAAAAAAAAAAAAAAAAAAAAAAAAAAAAAAAAAAAAAAAAAAAAAAAAAAAAAAD/////AAAAAAAAAAAAAAAA/////wAACiBjdQAAAAAAAAAAAAAAAAAFRmlsZXMAAAIATi86VXNlcnM6ZWdlcjpzd2l0Y2hkcml2ZTpDYXVzYWxpdHkgcHJvamVjdDpsaXRlcmF0dXJlOkZpbGVzOkVzY2FtaWxsYTIwMTJhLnBkZgAOACYAEgBFAHMAYwBhAG0AaQBsAGwAYQAyADAAMQAyAGEALgBwAGQAZgAPABoADABNAGEAYwBpAG4AdABvAHMAaAAgAEgARAASAExVc2Vycy9lZ2VyL3N3aXRjaGRyaXZlL0NhdXNhbGl0eSBwcm9qZWN0L2xpdGVyYXR1cmUvRmlsZXMvRXNjYW1pbGxhMjAxMmEucGRmABMAAS8AABUAAgAL//8AAAAIAA0AGgAkAIUAAAAAAAACAQAAAAAAAAAFAAAAAAAAAAAAAAAAAAACIw==}}

@article{Waldmann_etal2006b,
	Author = {Waldmann, Michael R and Hagmayer, York and Blaisdell, Aaron P},
	Date-Added = {2016-02-09 13:23:42 +0000},
	Date-Modified = {2016-03-22 12:13:53 +0000},
	Journal = {Current Directions in Psychological Science},
	Keywords = {Causatives},
	Number = {6},
	Pages = {307--311},
	Publisher = {SAGE Publications},
	Title = {Beyond the information given causal models in learning and reasoning},
	Volume = {15},
	Year = {2006},
	Bdsk-File-1 = {YnBsaXN0MDDSAQIDBFxyZWxhdGl2ZVBhdGhZYWxpYXNEYXRhXxBiLi4vLi4vLi4vLi4vLi4vLi4vVXNlcnMvZWdlci9zd2l0Y2hkcml2ZS9DYXVzYWxpdHkgcHJvamVjdC9saXRlcmF0dXJlL0ZpbGVzL1dhbGRtYW5uX2V0YWwyMDA2Yi5wZGZPEQGqAAAAAAGqAAIAAAxNYWNpbnRvc2ggSEQAAAAAAAAAAAAAAAAAAAAAAAAAQkQAAf////8WV2FsZG1hbm5fZXRhbDIwMDZiLnBkZgAAAAAAAAAAAAAAAAAAAAAAAAAAAAAAAAAAAAAAAAAAAAAAAAAAAAAA/////wAAAAAAAAAAAAAAAP////8AAAogY3UAAAAAAAAAAAAAAAAABUZpbGVzAAACAFIvOlVzZXJzOmVnZXI6c3dpdGNoZHJpdmU6Q2F1c2FsaXR5IHByb2plY3Q6bGl0ZXJhdHVyZTpGaWxlczpXYWxkbWFubl9ldGFsMjAwNmIucGRmAA4ALgAWAFcAYQBsAGQAbQBhAG4AbgBfAGUAdABhAGwAMgAwADAANgBiAC4AcABkAGYADwAaAAwATQBhAGMAaQBuAHQAbwBzAGgAIABIAEQAEgBQVXNlcnMvZWdlci9zd2l0Y2hkcml2ZS9DYXVzYWxpdHkgcHJvamVjdC9saXRlcmF0dXJlL0ZpbGVzL1dhbGRtYW5uX2V0YWwyMDA2Yi5wZGYAEwABLwAAFQACAAv//wAAAAgADQAaACQAiQAAAAAAAAIBAAAAAAAAAAUAAAAAAAAAAAAAAAAAAAI3}}

@article{Allen1998a,
	Author = {Allen, Shanley E. M.},
	Date-Added = {2011-05-20 14:43:11 +0200},
	Date-Modified = {2018-03-21 09:19:29 +0000},
	Journal = {Linguistics},
	Keywords = {Causatives, Inuktitut},
	Pages = {633-677},
	Title = {Categories within the verb category: learning the causative in Inuktitut},
	Volume = {36},
	Year = {1998},
	Bdsk-File-1 = {YnBsaXN0MDDSAQIDBFxyZWxhdGl2ZVBhdGhZYWxpYXNEYXRhXxBaLi4vLi4vLi4vLi4vLi4vLi4vVXNlcnMvZWdlci9zd2l0Y2hkcml2ZS9DYXVzYWxpdHkgcHJvamVjdC9saXRlcmF0dXJlL0ZpbGVzL0FsbGVuMTk5OGEucGRmTxEBigAAAAABigACAAAMTWFjaW50b3NoIEhEAAAAAAAAAAAAAAAAAAAAAAAAAEJEAAH/////DkFsbGVuMTk5OGEucGRmAAAAAAAAAAAAAAAAAAAAAAAAAAAAAAAAAAAAAAAAAAAAAAAAAAAAAAAAAAAAAAAAAP////8AAAAAAAAAAAAAAAD/////AAAKIGN1AAAAAAAAAAAAAAAAAAVGaWxlcwAAAgBKLzpVc2VyczplZ2VyOnN3aXRjaGRyaXZlOkNhdXNhbGl0eSBwcm9qZWN0OmxpdGVyYXR1cmU6RmlsZXM6QWxsZW4xOTk4YS5wZGYADgAeAA4AQQBsAGwAZQBuADEAOQA5ADgAYQAuAHAAZABmAA8AGgAMAE0AYQBjAGkAbgB0AG8AcwBoACAASABEABIASFVzZXJzL2VnZXIvc3dpdGNoZHJpdmUvQ2F1c2FsaXR5IHByb2plY3QvbGl0ZXJhdHVyZS9GaWxlcy9BbGxlbjE5OThhLnBkZgATAAEvAAAVAAIAC///AAAACAANABoAJACBAAAAAAAAAgEAAAAAAAAABQAAAAAAAAAAAAAAAAAAAg8=}}

@article{Leslie_etal1987a,
	Author = {Leslie, Alan M and Keeble, Stephanie},
	Date-Added = {2015-12-16 10:53:35 +0000},
	Date-Modified = {2015-12-16 10:55:09 +0000},
	Journal = {Cognition},
	Keywords = {Causatives},
	Number = {3},
	Pages = {265--288},
	Publisher = {Elsevier},
	Title = {Do six-month-old infants perceive causality?},
	Volume = {25},
	Year = {1987},
	Bdsk-File-1 = {YnBsaXN0MDDSAQIDBFxyZWxhdGl2ZVBhdGhZYWxpYXNEYXRhXxBgLi4vLi4vLi4vLi4vLi4vLi4vVXNlcnMvZWdlci9zd2l0Y2hkcml2ZS9DYXVzYWxpdHkgcHJvamVjdC9saXRlcmF0dXJlL0ZpbGVzL0xlc2xpZV9ldGFsMTk4N2EucGRmTxEBogAAAAABogACAAAMTWFjaW50b3NoIEhEAAAAAAAAAAAAAAAAAAAAAAAAAEJEAAH/////FExlc2xpZV9ldGFsMTk4N2EucGRmAAAAAAAAAAAAAAAAAAAAAAAAAAAAAAAAAAAAAAAAAAAAAAAAAAAAAAAAAP////8AAAAAAAAAAAAAAAD/////AAAKIGN1AAAAAAAAAAAAAAAAAAVGaWxlcwAAAgBQLzpVc2VyczplZ2VyOnN3aXRjaGRyaXZlOkNhdXNhbGl0eSBwcm9qZWN0OmxpdGVyYXR1cmU6RmlsZXM6TGVzbGllX2V0YWwxOTg3YS5wZGYADgAqABQATABlAHMAbABpAGUAXwBlAHQAYQBsADEAOQA4ADcAYQAuAHAAZABmAA8AGgAMAE0AYQBjAGkAbgB0AG8AcwBoACAASABEABIATlVzZXJzL2VnZXIvc3dpdGNoZHJpdmUvQ2F1c2FsaXR5IHByb2plY3QvbGl0ZXJhdHVyZS9GaWxlcy9MZXNsaWVfZXRhbDE5ODdhLnBkZgATAAEvAAAVAAIAC///AAAACAANABoAJACHAAAAAAAAAgEAAAAAAAAABQAAAAAAAAAAAAAAAAAAAi0=}}

@article{Furman_etal2014a,
	Author = {Furman, Reyhan and K{\"u}ntay, Aylin C and {\"O}zy{\"u}rek, Asl{\i}},
	Date-Added = {2016-03-22 12:52:25 +0000},
	Date-Modified = {2019-07-16 15:43:29 +0200},
	Journal = {Language, Cognition and Neuroscience},
	Keywords = {Causatives, Gestures, Turkish},
	Number = {5},
	Pages = {620--634},
	Publisher = {Taylor \& Francis},
	Title = {Early language-specificity of children's event encoding in speech and gesture: evidence from caused motion in Turkish},
	Volume = {29},
	Year = {2014},
	Bdsk-File-1 = {YnBsaXN0MDDSAQIDBFxyZWxhdGl2ZVBhdGhZYWxpYXNEYXRhXxBgLi4vLi4vLi4vLi4vLi4vLi4vVXNlcnMvZWdlci9zd2l0Y2hkcml2ZS9DYXVzYWxpdHkgcHJvamVjdC9saXRlcmF0dXJlL0ZpbGVzL0Z1cm1hbl9ldGFsMjAxNWEucGRmTxEBogAAAAABogACAAAMTWFjaW50b3NoIEhEAAAAAAAAAAAAAAAAAAAAAAAAAEJEAAH/////FEZ1cm1hbl9ldGFsMjAxNWEucGRmAAAAAAAAAAAAAAAAAAAAAAAAAAAAAAAAAAAAAAAAAAAAAAAAAAAAAAAAAP////8AAAAAAAAAAAAAAAD/////AAAKIGN1AAAAAAAAAAAAAAAAAAVGaWxlcwAAAgBQLzpVc2VyczplZ2VyOnN3aXRjaGRyaXZlOkNhdXNhbGl0eSBwcm9qZWN0OmxpdGVyYXR1cmU6RmlsZXM6RnVybWFuX2V0YWwyMDE1YS5wZGYADgAqABQARgB1AHIAbQBhAG4AXwBlAHQAYQBsADIAMAAxADUAYQAuAHAAZABmAA8AGgAMAE0AYQBjAGkAbgB0AG8AcwBoACAASABEABIATlVzZXJzL2VnZXIvc3dpdGNoZHJpdmUvQ2F1c2FsaXR5IHByb2plY3QvbGl0ZXJhdHVyZS9GaWxlcy9GdXJtYW5fZXRhbDIwMTVhLnBkZgATAAEvAAAVAAIAC///AAAACAANABoAJACHAAAAAAAAAgEAAAAAAAAABQAAAAAAAAAAAAAAAAAAAi0=}}

@article{Hartshorne_etal2015a,
	Author = {Hartshorne, Joshua K. and Pogue, Amanda and Snedeker, Jesse},
	Date-Added = {2016-03-18 12:55:05 +0000},
	Date-Modified = {2016-03-22 09:26:56 +0000},
	Journal = {Journal of Child Language},
	Keywords = {Causatives},
	Number = {3},
	Pages = {1--38},
	Title = {Love is hard to understand: The relationship between transitivity and caused events in the acquisition of emotion verbs},
	Volume = {42},
	Year = {2015},
	Bdsk-File-1 = {YnBsaXN0MDDSAQIDBFxyZWxhdGl2ZVBhdGhZYWxpYXNEYXRhXxBkLi4vLi4vLi4vLi4vLi4vLi4vVXNlcnMvZWdlci9zd2l0Y2hkcml2ZS9DYXVzYWxpdHkgcHJvamVjdC9saXRlcmF0dXJlL0ZpbGVzL0hhcnRzaG9ybmVfZXRhbDIwMTVhLnBkZk8RAbIAAAAAAbIAAgAADE1hY2ludG9zaCBIRAAAAAAAAAAAAAAAAAAAAAAAAABCRAAB/////xhIYXJ0c2hvcm5lX2V0YWwyMDE1YS5wZGYAAAAAAAAAAAAAAAAAAAAAAAAAAAAAAAAAAAAAAAAAAAAAAAAAAAD/////AAAAAAAAAAAAAAAA/////wAACiBjdQAAAAAAAAAAAAAAAAAFRmlsZXMAAAIAVC86VXNlcnM6ZWdlcjpzd2l0Y2hkcml2ZTpDYXVzYWxpdHkgcHJvamVjdDpsaXRlcmF0dXJlOkZpbGVzOkhhcnRzaG9ybmVfZXRhbDIwMTVhLnBkZgAOADIAGABIAGEAcgB0AHMAaABvAHIAbgBlAF8AZQB0AGEAbAAyADAAMQA1AGEALgBwAGQAZgAPABoADABNAGEAYwBpAG4AdABvAHMAaAAgAEgARAASAFJVc2Vycy9lZ2VyL3N3aXRjaGRyaXZlL0NhdXNhbGl0eSBwcm9qZWN0L2xpdGVyYXR1cmUvRmlsZXMvSGFydHNob3JuZV9ldGFsMjAxNWEucGRmABMAAS8AABUAAgAL//8AAAAIAA0AGgAkAIsAAAAAAAACAQAAAAAAAAAFAAAAAAAAAAAAAAAAAAACQQ==}}

@mastersthesis{Arka1993a,
	Author = {Arka, I Wayan},
	Date-Added = {2016-01-08 15:11:13 +0000},
	Date-Modified = {2016-01-08 15:12:25 +0000},
	Keywords = {Causatives, Indonesian},
	School = {University of Sydney},
	Title = {Morpholexical Aspects of the -kan Causative in Indonesian},
	Year = {1993},
	Bdsk-File-1 = {YnBsaXN0MDDSAQIDBFxyZWxhdGl2ZVBhdGhZYWxpYXNEYXRhXxBZLi4vLi4vLi4vLi4vLi4vLi4vVXNlcnMvZWdlci9zd2l0Y2hkcml2ZS9DYXVzYWxpdHkgcHJvamVjdC9saXRlcmF0dXJlL0ZpbGVzL0Fya2ExOTkzYS5wZGZPEQGIAAAAAAGIAAIAAAxNYWNpbnRvc2ggSEQAAAAAAAAAAAAAAAAAAAAAAAAAQkQAAf////8NQXJrYTE5OTNhLnBkZgAAAAAAAAAAAAAAAAAAAAAAAAAAAAAAAAAAAAAAAAAAAAAAAAAAAAAAAAAAAAAAAAAA/////wAAAAAAAAAAAAAAAP////8AAAogY3UAAAAAAAAAAAAAAAAABUZpbGVzAAACAEkvOlVzZXJzOmVnZXI6c3dpdGNoZHJpdmU6Q2F1c2FsaXR5IHByb2plY3Q6bGl0ZXJhdHVyZTpGaWxlczpBcmthMTk5M2EucGRmAAAOABwADQBBAHIAawBhADEAOQA5ADMAYQAuAHAAZABmAA8AGgAMAE0AYQBjAGkAbgB0AG8AcwBoACAASABEABIAR1VzZXJzL2VnZXIvc3dpdGNoZHJpdmUvQ2F1c2FsaXR5IHByb2plY3QvbGl0ZXJhdHVyZS9GaWxlcy9BcmthMTk5M2EucGRmAAATAAEvAAAVAAIAC///AAAACAANABoAJACAAAAAAAAAAgEAAAAAAAAABQAAAAAAAAAAAAAAAAAAAgw=}}

@article{Arunachalam_etal2013a,
	Author = {Arunachalam, Sudha and Escovar, Emily and Hansen, Melissa A. and Waxman, Sandra R.},
	Date-Added = {2016-03-18 12:45:03 +0000},
	Date-Modified = {2016-03-18 12:49:03 +0000},
	Journal = {Language and Cognitive Processes},
	Keywords = {Causatives},
	Number = {4},
	Title = {Out of sight, but not out of mind: 21-month-olds use syntactic information to learn verbs even in the absence of a corresponding event},
	Volume = {28},
	Year = {2013},
	Bdsk-File-1 = {YnBsaXN0MDDSAQIDBFxyZWxhdGl2ZVBhdGhZYWxpYXNEYXRhXxBlLi4vLi4vLi4vLi4vLi4vLi4vVXNlcnMvZWdlci9zd2l0Y2hkcml2ZS9DYXVzYWxpdHkgcHJvamVjdC9saXRlcmF0dXJlL0ZpbGVzL0FydW5hY2hhbGFtX2V0YWwyMDEzYS5wZGZPEQG4AAAAAAG4AAIAAAxNYWNpbnRvc2ggSEQAAAAAAAAAAAAAAAAAAAAAAAAAQkQAAf////8ZQXJ1bmFjaGFsYW1fZXRhbDIwMTNhLnBkZgAAAAAAAAAAAAAAAAAAAAAAAAAAAAAAAAAAAAAAAAAAAAAAAAAA/////wAAAAAAAAAAAAAAAP////8AAAogY3UAAAAAAAAAAAAAAAAABUZpbGVzAAACAFUvOlVzZXJzOmVnZXI6c3dpdGNoZHJpdmU6Q2F1c2FsaXR5IHByb2plY3Q6bGl0ZXJhdHVyZTpGaWxlczpBcnVuYWNoYWxhbV9ldGFsMjAxM2EucGRmAAAOADQAGQBBAHIAdQBuAGEAYwBoAGEAbABhAG0AXwBlAHQAYQBsADIAMAAxADMAYQAuAHAAZABmAA8AGgAMAE0AYQBjAGkAbgB0AG8AcwBoACAASABEABIAU1VzZXJzL2VnZXIvc3dpdGNoZHJpdmUvQ2F1c2FsaXR5IHByb2plY3QvbGl0ZXJhdHVyZS9GaWxlcy9BcnVuYWNoYWxhbV9ldGFsMjAxM2EucGRmAAATAAEvAAAVAAIAC///AAAACAANABoAJACMAAAAAAAAAgEAAAAAAAAABQAAAAAAAAAAAAAAAAAAAkg=}}

@article{Cole_etal2004a,
	Author = {Cole, Peter and Son, Minjeong},
	Date-Added = {2016-01-08 14:00:30 +0000},
	Date-Modified = {2016-01-08 14:02:24 +0000},
	Journal = {Oceanic Linguistics},
	Keywords = {Causatives, Indonesian},
	Number = {2},
	Pages = {339--364},
	Title = {The Argument Structure of Verbs with the Suffix -kan in Indonesian},
	Volume = {43},
	Year = {2004},
	Bdsk-File-1 = {YnBsaXN0MDDSAQIDBFxyZWxhdGl2ZVBhdGhZYWxpYXNEYXRhXxBdLi4vLi4vLi4vLi4vLi4vLi4vVXNlcnMvZWdlci9zd2l0Y2hkcml2ZS9DYXVzYWxpdHkgcHJvamVjdC9saXRlcmF0dXJlL0ZpbGVzL1Nvbl9ldGFsMjAwOGEucGRmTxEBmAAAAAABmAACAAAMTWFjaW50b3NoIEhEAAAAAAAAAAAAAAAAAAAAAAAAAEJEAAH/////EVNvbl9ldGFsMjAwOGEucGRmAAAAAAAAAAAAAAAAAAAAAAAAAAAAAAAAAAAAAAAAAAAAAAAAAAAAAAAAAAAAAP////8AAAAAAAAAAAAAAAD/////AAAKIGN1AAAAAAAAAAAAAAAAAAVGaWxlcwAAAgBNLzpVc2VyczplZ2VyOnN3aXRjaGRyaXZlOkNhdXNhbGl0eSBwcm9qZWN0OmxpdGVyYXR1cmU6RmlsZXM6U29uX2V0YWwyMDA4YS5wZGYAAA4AJAARAFMAbwBuAF8AZQB0AGEAbAAyADAAMAA4AGEALgBwAGQAZgAPABoADABNAGEAYwBpAG4AdABvAHMAaAAgAEgARAASAEtVc2Vycy9lZ2VyL3N3aXRjaGRyaXZlL0NhdXNhbGl0eSBwcm9qZWN0L2xpdGVyYXR1cmUvRmlsZXMvU29uX2V0YWwyMDA4YS5wZGYAABMAAS8AABUAAgAL//8AAAAIAA0AGgAkAIQAAAAAAAACAQAAAAAAAAAFAAAAAAAAAAAAAAAAAAACIA==}}

@article{Family_etal2015a,
	Author = {Family, Neiloufar and Allen, Shanley E. M.},
	Date-Added = {2016-03-18 12:52:57 +0000},
	Date-Modified = {2016-03-18 12:54:45 +0000},
	Journal = {Journal of Child Language},
	Keywords = {Causatives},
	Number = {2},
	Pages = {1--42},
	Title = {The development of the causative construction in Persian child language},
	Volume = {42},
	Year = {2015},
	Bdsk-File-1 = {YnBsaXN0MDDSAQIDBFxyZWxhdGl2ZVBhdGhZYWxpYXNEYXRhXxBgLi4vLi4vLi4vLi4vLi4vLi4vVXNlcnMvZWdlci9zd2l0Y2hkcml2ZS9DYXVzYWxpdHkgcHJvamVjdC9saXRlcmF0dXJlL0ZpbGVzL0ZhbWlseV9ldGFsMjAxNWEucGRmTxEBogAAAAABogACAAAMTWFjaW50b3NoIEhEAAAAAAAAAAAAAAAAAAAAAAAAAEJEAAH/////FEZhbWlseV9ldGFsMjAxNWEucGRmAAAAAAAAAAAAAAAAAAAAAAAAAAAAAAAAAAAAAAAAAAAAAAAAAAAAAAAAAP////8AAAAAAAAAAAAAAAD/////AAAKIGN1AAAAAAAAAAAAAAAAAAVGaWxlcwAAAgBQLzpVc2VyczplZ2VyOnN3aXRjaGRyaXZlOkNhdXNhbGl0eSBwcm9qZWN0OmxpdGVyYXR1cmU6RmlsZXM6RmFtaWx5X2V0YWwyMDE1YS5wZGYADgAqABQARgBhAG0AaQBsAHkAXwBlAHQAYQBsADIAMAAxADUAYQAuAHAAZABmAA8AGgAMAE0AYQBjAGkAbgB0AG8AcwBoACAASABEABIATlVzZXJzL2VnZXIvc3dpdGNoZHJpdmUvQ2F1c2FsaXR5IHByb2plY3QvbGl0ZXJhdHVyZS9GaWxlcy9GYW1pbHlfZXRhbDIwMTVhLnBkZgATAAEvAAAVAAIAC///AAAACAANABoAJACHAAAAAAAAAgEAAAAAAAAABQAAAAAAAAAAAAAAAAAAAi0=}}

@phdthesis{Key2013a,
	Author = {Key, Gregory},
	Date-Added = {2016-01-08 10:05:31 +0000},
	Date-Modified = {2016-01-08 10:06:19 +0000},
	Keywords = {Causatives, Turkish},
	School = {University of Arizona},
	Title = {The Morphosyntax of the Turkish Causative Construction},
	Year = {2013},
	Bdsk-File-1 = {YnBsaXN0MDDSAQIDBFxyZWxhdGl2ZVBhdGhZYWxpYXNEYXRhXxBYLi4vLi4vLi4vLi4vLi4vLi4vVXNlcnMvZWdlci9zd2l0Y2hkcml2ZS9DYXVzYWxpdHkgcHJvamVjdC9saXRlcmF0dXJlL0ZpbGVzL0tleTIwMTNhLnBkZk8RAYIAAAAAAYIAAgAADE1hY2ludG9zaCBIRAAAAAAAAAAAAAAAAAAAAAAAAABCRAAB/////wxLZXkyMDEzYS5wZGYAAAAAAAAAAAAAAAAAAAAAAAAAAAAAAAAAAAAAAAAAAAAAAAAAAAAAAAAAAAAAAAAAAAD/////AAAAAAAAAAAAAAAA/////wAACiBjdQAAAAAAAAAAAAAAAAAFRmlsZXMAAAIASC86VXNlcnM6ZWdlcjpzd2l0Y2hkcml2ZTpDYXVzYWxpdHkgcHJvamVjdDpsaXRlcmF0dXJlOkZpbGVzOktleTIwMTNhLnBkZgAOABoADABLAGUAeQAyADAAMQAzAGEALgBwAGQAZgAPABoADABNAGEAYwBpAG4AdABvAHMAaAAgAEgARAASAEZVc2Vycy9lZ2VyL3N3aXRjaGRyaXZlL0NhdXNhbGl0eSBwcm9qZWN0L2xpdGVyYXR1cmUvRmlsZXMvS2V5MjAxM2EucGRmABMAAS8AABUAAgAL//8AAAAIAA0AGgAkAH8AAAAAAAACAQAAAAAAAAAFAAAAAAAAAAAAAAAAAAACBQ==}}

@article{Newman_etal2008a,
	Author = {Newman, George E and Choi, Hoon and Wynn, Karen and Scholl, Brian J},
	Date-Added = {2015-12-16 10:56:55 +0000},
	Date-Modified = {2015-12-16 10:57:09 +0000},
	Journal = {Cognitive Psychology},
	Keywords = {Causatives},
	Number = {3},
	Pages = {262--291},
	Publisher = {Elsevier},
	Title = {The origins of causal perception: Evidence from postdictive processing in infancy},
	Volume = {57},
	Year = {2008},
	Bdsk-File-1 = {YnBsaXN0MDDSAQIDBFxyZWxhdGl2ZVBhdGhZYWxpYXNEYXRhXxBgLi4vLi4vLi4vLi4vLi4vLi4vVXNlcnMvZWdlci9zd2l0Y2hkcml2ZS9DYXVzYWxpdHkgcHJvamVjdC9saXRlcmF0dXJlL0ZpbGVzL05ld21hbl9ldGFsMjAwN2EucGRmTxEBogAAAAABogACAAAMTWFjaW50b3NoIEhEAAAAAAAAAAAAAAAAAAAAAAAAAEJEAAH/////FE5ld21hbl9ldGFsMjAwN2EucGRmAAAAAAAAAAAAAAAAAAAAAAAAAAAAAAAAAAAAAAAAAAAAAAAAAAAAAAAAAP////8AAAAAAAAAAAAAAAD/////AAAKIGN1AAAAAAAAAAAAAAAAAAVGaWxlcwAAAgBQLzpVc2VyczplZ2VyOnN3aXRjaGRyaXZlOkNhdXNhbGl0eSBwcm9qZWN0OmxpdGVyYXR1cmU6RmlsZXM6TmV3bWFuX2V0YWwyMDA3YS5wZGYADgAqABQATgBlAHcAbQBhAG4AXwBlAHQAYQBsADIAMAAwADcAYQAuAHAAZABmAA8AGgAMAE0AYQBjAGkAbgB0AG8AcwBoACAASABEABIATlVzZXJzL2VnZXIvc3dpdGNoZHJpdmUvQ2F1c2FsaXR5IHByb2plY3QvbGl0ZXJhdHVyZS9GaWxlcy9OZXdtYW5fZXRhbDIwMDdhLnBkZgATAAEvAAAVAAIAC///AAAACAANABoAJACHAAAAAAAAAgEAAAAAAAAABQAAAAAAAAAAAAAAAAAAAi0=}}

@article{Ambridge_etal2014b,
	Author = {Ambridge, Ben and Noble, Claire H. and Lieven, Elena V.M.},
	Date-Added = {2016-03-18 12:49:27 +0000},
	Date-Modified = {2016-03-18 12:52:31 +0000},
	Journal = {Cognitive Linguistics},
	Keywords = {Causatives},
	Number = {2},
	Pages = {293--311},
	Title = {The semantics of the transitive causative construction: Evidence from a forced-choice pointing study with adults and children},
	Volume = {25},
	Year = {2014},
	Bdsk-File-1 = {YnBsaXN0MDDSAQIDBFxyZWxhdGl2ZVBhdGhZYWxpYXNEYXRhXxBiLi4vLi4vLi4vLi4vLi4vLi4vVXNlcnMvZWdlci9zd2l0Y2hkcml2ZS9DYXVzYWxpdHkgcHJvamVjdC9saXRlcmF0dXJlL0ZpbGVzL0FtYnJpZGdlX2V0YWwyMDE0Yi5wZGZPEQGqAAAAAAGqAAIAAAxNYWNpbnRvc2ggSEQAAAAAAAAAAAAAAAAAAAAAAAAAQkQAAf////8WQW1icmlkZ2VfZXRhbDIwMTRiLnBkZgAAAAAAAAAAAAAAAAAAAAAAAAAAAAAAAAAAAAAAAAAAAAAAAAAAAAAA/////wAAAAAAAAAAAAAAAP////8AAAogY3UAAAAAAAAAAAAAAAAABUZpbGVzAAACAFIvOlVzZXJzOmVnZXI6c3dpdGNoZHJpdmU6Q2F1c2FsaXR5IHByb2plY3Q6bGl0ZXJhdHVyZTpGaWxlczpBbWJyaWRnZV9ldGFsMjAxNGIucGRmAA4ALgAWAEEAbQBiAHIAaQBkAGcAZQBfAGUAdABhAGwAMgAwADEANABiAC4AcABkAGYADwAaAAwATQBhAGMAaQBuAHQAbwBzAGgAIABIAEQAEgBQVXNlcnMvZWdlci9zd2l0Y2hkcml2ZS9DYXVzYWxpdHkgcHJvamVjdC9saXRlcmF0dXJlL0ZpbGVzL0FtYnJpZGdlX2V0YWwyMDE0Yi5wZGYAEwABLwAAFQACAAv//wAAAAgADQAaACQAiQAAAAAAAAIBAAAAAAAAAAUAAAAAAAAAAAAAAAAAAAI3}}

@article{Goksun_etal2008a,
	Author = {G{\"o}ksun, Tilbe and K{\"u}ntay, Aylin C. and Naigles, Letitia R.},
	Date-Added = {2014-10-16 13:11:17 +0000},
	Date-Modified = {2018-03-06 12:04:55 +0000},
	Journal = {Journal of child language},
	Keywords = {Causatives, Turkish},
	Number = {02},
	Pages = {291--323},
	Publisher = {Cambridge Univ Press},
	Title = {Turkish children use morphosyntactic bootstrapping in interpreting verb meaning},
	Volume = {35},
	Year = {2008},
	Bdsk-File-1 = {YnBsaXN0MDDSAQIDBFxyZWxhdGl2ZVBhdGhZYWxpYXNEYXRhbxBhAC4ALgAvAC4ALgAvAC4ALgAvAC4ALgAvAC4ALgAvAC4ALgAvAFUAcwBlAHIAcwAvAGUAZwBlAHIALwBzAHcAaQB0AGMAaABkAHIAaQB2AGUALwBDAGEAdQBzAGEAbABpAHQAeQAgAHAAcgBvAGoAZQBjAHQALwBsAGkAdABlAHIAYQB0AHUAcgBlAC8ARgBpAGwAZQBzAC8ARwBvAwgAawBzAHUAbgBfAGUAdABhAGwAMgAwADAAOABhAC4AcABkAGZPEQGoAAAAAAGoAAIAAAxNYWNpbnRvc2ggSEQAAAAAAAAAAAAAAAAAAAAAAAAAQkQAAf////8UR5prc3VuX2V0YWwyMDA4YS5wZGYAAAAAAAAAAAAAAAAAAAAAAAAAAAAAAAAAAAAAAAAAAAAAAAAAAAAAAAAA/////wAAAAAAAAAAAAAAAP////8AAAogY3UAAAAAAAAAAAAAAAAABUZpbGVzAAACAFIvOlVzZXJzOmVnZXI6c3dpdGNoZHJpdmU6Q2F1c2FsaXR5IHByb2plY3Q6bGl0ZXJhdHVyZTpGaWxlczpHb8yIa3N1bl9ldGFsMjAwOGEucGRmAA4ALAAVAEcAbwMIAGsAcwB1AG4AXwBlAHQAYQBsADIAMAAwADgAYQAuAHAAZABmAA8AGgAMAE0AYQBjAGkAbgB0AG8AcwBoACAASABEABIAUFVzZXJzL2VnZXIvc3dpdGNoZHJpdmUvQ2F1c2FsaXR5IHByb2plY3QvbGl0ZXJhdHVyZS9GaWxlcy9Hb8yIa3N1bl9ldGFsMjAwOGEucGRmABMAAS8AABUAAgAL//8AAAAIAA0AGgAkAOkAAAAAAAACAQAAAAAAAAAFAAAAAAAAAAAAAAAAAAAClQ==}}

@article{Arunachalam2013a,
	Author = {Arunachalam, Sudha},
	Date-Added = {2016-03-17 16:25:34 +0000},
	Date-Modified = {2016-03-18 12:44:39 +0000},
	Journal = {Cognition},
	Keywords = {Causatives},
	Pages = {569--573},
	Title = {Two-year-olds can begin to acquire verb meanings in socially impoverished contexts},
	Volume = {129},
	Year = {2013},
	Bdsk-File-1 = {YnBsaXN0MDDSAQIDBFxyZWxhdGl2ZVBhdGhZYWxpYXNEYXRhXxBaLi4vLi4vLi4vLi4vLi4vLi4vVXNlcnMvZWdlci9zd2l0Y2hkcml2ZS9DYXVzYWxpdHkgcHJvamVjdC9saXRlcmF0dXJlL0ZpbGVzL0FsbGVuMTk5OGEucGRmTxEBigAAAAABigACAAAMTWFjaW50b3NoIEhEAAAAAAAAAAAAAAAAAAAAAAAAAEJEAAH/////DkFsbGVuMTk5OGEucGRmAAAAAAAAAAAAAAAAAAAAAAAAAAAAAAAAAAAAAAAAAAAAAAAAAAAAAAAAAAAAAAAAAP////8AAAAAAAAAAAAAAAD/////AAAKIGN1AAAAAAAAAAAAAAAAAAVGaWxlcwAAAgBKLzpVc2VyczplZ2VyOnN3aXRjaGRyaXZlOkNhdXNhbGl0eSBwcm9qZWN0OmxpdGVyYXR1cmU6RmlsZXM6QWxsZW4xOTk4YS5wZGYADgAeAA4AQQBsAGwAZQBuADEAOQA5ADgAYQAuAHAAZABmAA8AGgAMAE0AYQBjAGkAbgB0AG8AcwBoACAASABEABIASFVzZXJzL2VnZXIvc3dpdGNoZHJpdmUvQ2F1c2FsaXR5IHByb2plY3QvbGl0ZXJhdHVyZS9GaWxlcy9BbGxlbjE5OThhLnBkZgATAAEvAAAVAAIAC///AAAACAANABoAJACBAAAAAAAAAgEAAAAAAAAABQAAAAAAAAAAAAAAAAAAAg8=}}

@article{Waldmann_etal2006a,
	Author = {Waldmann, Michael R and Hagmayer, York},
	Date-Added = {2016-02-09 13:20:28 +0000},
	Date-Modified = {2016-02-09 13:20:43 +0000},
	Journal = {Cognitive Psychology},
	Keywords = {Causatives},
	Number = {1},
	Pages = {27--58},
	Publisher = {Elsevier},
	Title = {Categories and causality: The neglected direction},
	Volume = {53},
	Year = {2006},
	Bdsk-File-1 = {YnBsaXN0MDDSAQIDBFxyZWxhdGl2ZVBhdGhZYWxpYXNEYXRhXxC1Li4vLi4vLi4vLi4vLi4vLi4vVXNlcnMvZWdlci9zd2l0Y2hkcml2ZS9DQVVTQUxJVFkgUFJPSkVDVF9FQlJVL3JlYWRpbmdzL2FydGljbGVzIGNpdGVkIGluIHByb3Bvc2FsL1dhbGRtYW5uICYgSGFnbWF5ZXIgKDIwMDYpLSBDYXRlZ29yaWVzIGFuZCBjYXVzYWxpdHktIFRoZSBuZWdsZWN0ZWQgZGlyZWN0aW9uLnBkZk8RAtwAAAAAAtwAAgAADE1hY2ludG9zaCBIRAAAAAAAAAAAAAAAAAAAAAAAAABCRAAB/////x9XYWxkbWFubiAmIEhhZ21heWUjRkZGRkZGRkYucGRmAAAAAAAAAAAAAAAAAAAAAAAAAAAAAAAAAAAAAAAAAAD/////AAAAAAAAAAAAAAAA/////wAACiBjdQAAAAAAAAAAAAAAAAAaYXJ0aWNsZXMgY2l0ZWQgaW4gcHJvcG9zYWwAAgClLzpVc2VyczplZ2VyOnN3aXRjaGRyaXZlOkNBVVNBTElUWSBQUk9KRUNUX0VCUlU6cmVhZGluZ3M6YXJ0aWNsZXMgY2l0ZWQgaW4gcHJvcG9zYWw6V2FsZG1hbm4gJiBIYWdtYXllciAoMjAwNiktIENhdGVnb3JpZXMgYW5kIGNhdXNhbGl0eS0gVGhlIG5lZ2xlY3RlZCBkaXJlY3Rpb24ucGRmAAAOAKQAUQBXAGEAbABkAG0AYQBuAG4AIAAmACAASABhAGcAbQBhAHkAZQByACAAKAAyADAAMAA2ACkALQAgAEMAYQB0AGUAZwBvAHIAaQBlAHMAIABhAG4AZAAgAGMAYQB1AHMAYQBsAGkAdAB5AC0AIABUAGgAZQAgAG4AZQBnAGwAZQBjAHQAZQBkACAAZABpAHIAZQBjAHQAaQBvAG4ALgBwAGQAZgAPABoADABNAGEAYwBpAG4AdABvAHMAaAAgAEgARAASAKNVc2Vycy9lZ2VyL3N3aXRjaGRyaXZlL0NBVVNBTElUWSBQUk9KRUNUX0VCUlUvcmVhZGluZ3MvYXJ0aWNsZXMgY2l0ZWQgaW4gcHJvcG9zYWwvV2FsZG1hbm4gJiBIYWdtYXllciAoMjAwNiktIENhdGVnb3JpZXMgYW5kIGNhdXNhbGl0eS0gVGhlIG5lZ2xlY3RlZCBkaXJlY3Rpb24ucGRmAAATAAEvAAAVAAIAC///AAAACAANABoAJADcAAAAAAAAAgEAAAAAAAAABQAAAAAAAAAAAAAAAAAAA7w=}}

@article{Naigles_etal1992a,
	Author = {Naigles, Letitia G and Fowler, Anne and Helm, Atessa},
	Date-Added = {2016-03-22 08:48:43 +0000},
	Date-Modified = {2016-03-22 08:48:57 +0000},
	Journal = {Cognitive Development},
	Keywords = {Causatives},
	Number = {4},
	Pages = {403--427},
	Publisher = {Elsevier},
	Title = {Developmental shifts in the construction of verb meanings},
	Volume = {7},
	Year = {1992},
	Bdsk-File-1 = {YnBsaXN0MDDSAQIDBFxyZWxhdGl2ZVBhdGhZYWxpYXNEYXRhXxC4Li4vLi4vLi4vLi4vLi4vLi4vVXNlcnMvZWdlci9zd2l0Y2hkcml2ZS9DQVVTQUxJVFkgUFJPSkVDVF9FQlJVL3JlYWRpbmdzL2FydGljbGVzIGNpdGVkIGluIHByb3Bvc2FsL05haWdsZXMgZXQgYWwuICgxOTkyKS0gRGV2ZWxvcG1lbnRhbCBzaGlmdHMgaW4gdGhlIGNvbnN0cnVjaXRvbiBvZiB2ZXJiIG1lYW5pbmdzLnBkZk8RAuYAAAAAAuYAAgAADE1hY2ludG9zaCBIRAAAAAAAAAAAAAAAAAAAAAAAAABCRAAB/////x9OYWlnbGVzIGV0IGFsLiAoMTkjRkZGRkZGRkYucGRmAAAAAAAAAAAAAAAAAAAAAAAAAAAAAAAAAAAAAAAAAAD/////AAAAAAAAAAAAAAAA/////wAACiBjdQAAAAAAAAAAAAAAAAAaYXJ0aWNsZXMgY2l0ZWQgaW4gcHJvcG9zYWwAAgCoLzpVc2VyczplZ2VyOnN3aXRjaGRyaXZlOkNBVVNBTElUWSBQUk9KRUNUX0VCUlU6cmVhZGluZ3M6YXJ0aWNsZXMgY2l0ZWQgaW4gcHJvcG9zYWw6TmFpZ2xlcyBldCBhbC4gKDE5OTIpLSBEZXZlbG9wbWVudGFsIHNoaWZ0cyBpbiB0aGUgY29uc3RydWNpdG9uIG9mIHZlcmIgbWVhbmluZ3MucGRmAA4AqgBUAE4AYQBpAGcAbABlAHMAIABlAHQAIABhAGwALgAgACgAMQA5ADkAMgApAC0AIABEAGUAdgBlAGwAbwBwAG0AZQBuAHQAYQBsACAAcwBoAGkAZgB0AHMAIABpAG4AIAB0AGgAZQAgAGMAbwBuAHMAdAByAHUAYwBpAHQAbwBuACAAbwBmACAAdgBlAHIAYgAgAG0AZQBhAG4AaQBuAGcAcwAuAHAAZABmAA8AGgAMAE0AYQBjAGkAbgB0AG8AcwBoACAASABEABIAplVzZXJzL2VnZXIvc3dpdGNoZHJpdmUvQ0FVU0FMSVRZIFBST0pFQ1RfRUJSVS9yZWFkaW5ncy9hcnRpY2xlcyBjaXRlZCBpbiBwcm9wb3NhbC9OYWlnbGVzIGV0IGFsLiAoMTk5MiktIERldmVsb3BtZW50YWwgc2hpZnRzIGluIHRoZSBjb25zdHJ1Y2l0b24gb2YgdmVyYiBtZWFuaW5ncy5wZGYAEwABLwAAFQACAAv//wAAAAgADQAaACQA3wAAAAAAAAIBAAAAAAAAAAUAAAAAAAAAAAAAAAAAAAPJ}}

@inproceedings{Furman_etal2010a,
	Author = {Furman, Reyhan and Ozyurek, Asli and K{\"u}ntay, Aylin C},
	Booktitle = {34th Boston University Conference on Language Development [BUCLD 34]},
	Date-Added = {2016-03-25 07:56:07 +0000},
	Date-Modified = {2016-03-25 07:56:20 +0000},
	Keywords = {Causatives},
	Organization = {Cascadilla Press},
	Pages = {126--137},
	Title = {Early language-specificity in Turkish children's caused motion event expressions in speech and gesture},
	Year = {2010},
	Bdsk-File-1 = {YnBsaXN0MDDSAQIDBFxyZWxhdGl2ZVBhdGhZYWxpYXNEYXRhXxDkLi4vLi4vLi4vLi4vLi4vLi4vVXNlcnMvZWdlci9zd2l0Y2hkcml2ZS9DQVVTQUxJVFkgUFJPSkVDVF9FQlJVL3JlYWRpbmdzL2FydGljbGVzIGNpdGVkIGluIHByb3Bvc2FsL0Z1cm1hbiBldCBhbC4gKDIwMTApLSBFYXJseSBsYW5ndWFnZS1zcGVjaWZpY2l0eSBpbiBUdXJraXNoIGNoaWxkcmVuJ3MgY2F1c2VkIG1vdGlvbiBldmVudCBleHByZXNzaW9ucyBpbiBzcGVlY2ggYW5kIGdlc3R1cmUucGRmTxEDlgAAAAADlgACAAAMTWFjaW50b3NoIEhEAAAAAAAAAAAAAAAAAAAAAAAAAEJEAAH/////H0Z1cm1hbiBldCBhbC4gKDIwMSNGRkZGRkZGRi5wZGYAAAAAAAAAAAAAAAAAAAAAAAAAAAAAAAAAAAAAAAAAAP////8AAAAAAAAAAAAAAAD/////AAAKIGN1AAAAAAAAAAAAAAAAABphcnRpY2xlcyBjaXRlZCBpbiBwcm9wb3NhbAACANQvOlVzZXJzOmVnZXI6c3dpdGNoZHJpdmU6Q0FVU0FMSVRZIFBST0pFQ1RfRUJSVTpyZWFkaW5nczphcnRpY2xlcyBjaXRlZCBpbiBwcm9wb3NhbDpGdXJtYW4gZXQgYWwuICgyMDEwKS0gRWFybHkgbGFuZ3VhZ2Utc3BlY2lmaWNpdHkgaW4gVHVya2lzaCBjaGlsZHJlbidzIGNhdXNlZCBtb3Rpb24gZXZlbnQgZXhwcmVzc2lvbnMgaW4gc3BlZWNoIGFuZCBnZXN0dXJlLnBkZgAOAQIAgABGAHUAcgBtAGEAbgAgAGUAdAAgAGEAbAAuACAAKAAyADAAMQAwACkALQAgAEUAYQByAGwAeQAgAGwAYQBuAGcAdQBhAGcAZQAtAHMAcABlAGMAaQBmAGkAYwBpAHQAeQAgAGkAbgAgAFQAdQByAGsAaQBzAGgAIABjAGgAaQBsAGQAcgBlAG4AJwBzACAAYwBhAHUAcwBlAGQAIABtAG8AdABpAG8AbgAgAGUAdgBlAG4AdAAgAGUAeABwAHIAZQBzAHMAaQBvAG4AcwAgAGkAbgAgAHMAcABlAGUAYwBoACAAYQBuAGQAIABnAGUAcwB0AHUAcgBlAC4AcABkAGYADwAaAAwATQBhAGMAaQBuAHQAbwBzAGgAIABIAEQAEgDSVXNlcnMvZWdlci9zd2l0Y2hkcml2ZS9DQVVTQUxJVFkgUFJPSkVDVF9FQlJVL3JlYWRpbmdzL2FydGljbGVzIGNpdGVkIGluIHByb3Bvc2FsL0Z1cm1hbiBldCBhbC4gKDIwMTApLSBFYXJseSBsYW5ndWFnZS1zcGVjaWZpY2l0eSBpbiBUdXJraXNoIGNoaWxkcmVuJ3MgY2F1c2VkIG1vdGlvbiBldmVudCBleHByZXNzaW9ucyBpbiBzcGVlY2ggYW5kIGdlc3R1cmUucGRmABMAAS8AABUAAgAL//8AAAAIAA0AGgAkAQsAAAAAAAACAQAAAAAAAAAFAAAAAAAAAAAAAAAAAAAEpQ==}}

@incollection{Haspelmath1993a,
	Author = {Haspelmath, Martin},
	Booktitle = {Causatives and transitivity},
	Date-Added = {2016-02-09 12:29:51 +0000},
	Date-Modified = {2016-02-09 12:32:13 +0000},
	Editor = {Comrie, Bernard and Polinsky, Maria},
	Keywords = {Causatives},
	Pages = {87--121},
	Publisher = {John Benjamins},
	Title = {More on the typology of inchoative/causative verb alternations},
	Volume = {23},
	Year = {1993}}

@article{Meltzoff_etal2012a,
	Author = {Meltzoff, Andrew N and Waismeyer, Anna and Gopnik Alison},
	Date-Modified = {2019-07-16 15:44:17 +0200},
	Journal = {Developmental Psychology},
	Keywords = {Causal learning, Imitation, Social learning, Action representation, Predictive looking},
	Title = {Learning about causes from people: Observational causal learning in 24-month-old infants},
	Year = {2012},
	Bdsk-File-1 = {YnBsaXN0MDDSAQIDBFxyZWxhdGl2ZVBhdGhZYWxpYXNEYXRhXxDYLi4vLi4vLi4vLi4vLi4vLi4vVXNlcnMvZWdlci9zd2l0Y2hkcml2ZS9DQVVTQUxJVFkgUFJPSkVDVF9FQlJVL3JlYWRpbmdzL2FydGljbGVzIGNpdGVkIGluIHByb3Bvc2FsL01lbHR6b2ZmIGV0IGFsLiAoMjAxMiktIExlYXJuaW5nIEFib3V0IENhdXNlcyBGcm9tIFBlb3BsZS0gT2JzZXJ2YXRpb25hbCBDYXVzYWwgTGVhcm5pbmcgaW4gMjQtTW9udGgtT2xkIEluZmFudHMucGRmTxEDZgAAAAADZgACAAAMTWFjaW50b3NoIEhEAAAAAAAAAAAAAAAAAAAAAAAAAEJEAAH/////H01lbHR6b2ZmIGV0IGFsLiAoMiNGRkZGRkZGRi5wZGYAAAAAAAAAAAAAAAAAAAAAAAAAAAAAAAAAAAAAAAAAAP////8AAAAAAAAAAAAAAAD/////AAAKIGN1AAAAAAAAAAAAAAAAABphcnRpY2xlcyBjaXRlZCBpbiBwcm9wb3NhbAACAMgvOlVzZXJzOmVnZXI6c3dpdGNoZHJpdmU6Q0FVU0FMSVRZIFBST0pFQ1RfRUJSVTpyZWFkaW5nczphcnRpY2xlcyBjaXRlZCBpbiBwcm9wb3NhbDpNZWx0em9mZiBldCBhbC4gKDIwMTIpLSBMZWFybmluZyBBYm91dCBDYXVzZXMgRnJvbSBQZW9wbGUtIE9ic2VydmF0aW9uYWwgQ2F1c2FsIExlYXJuaW5nIGluIDI0LU1vbnRoLU9sZCBJbmZhbnRzLnBkZgAOAOoAdABNAGUAbAB0AHoAbwBmAGYAIABlAHQAIABhAGwALgAgACgAMgAwADEAMgApAC0AIABMAGUAYQByAG4AaQBuAGcAIABBAGIAbwB1AHQAIABDAGEAdQBzAGUAcwAgAEYAcgBvAG0AIABQAGUAbwBwAGwAZQAtACAATwBiAHMAZQByAHYAYQB0AGkAbwBuAGEAbAAgAEMAYQB1AHMAYQBsACAATABlAGEAcgBuAGkAbgBnACAAaQBuACAAMgA0AC0ATQBvAG4AdABoAC0ATwBsAGQAIABJAG4AZgBhAG4AdABzAC4AcABkAGYADwAaAAwATQBhAGMAaQBuAHQAbwBzAGgAIABIAEQAEgDGVXNlcnMvZWdlci9zd2l0Y2hkcml2ZS9DQVVTQUxJVFkgUFJPSkVDVF9FQlJVL3JlYWRpbmdzL2FydGljbGVzIGNpdGVkIGluIHByb3Bvc2FsL01lbHR6b2ZmIGV0IGFsLiAoMjAxMiktIExlYXJuaW5nIEFib3V0IENhdXNlcyBGcm9tIFBlb3BsZS0gT2JzZXJ2YXRpb25hbCBDYXVzYWwgTGVhcm5pbmcgaW4gMjQtTW9udGgtT2xkIEluZmFudHMucGRmABMAAS8AABUAAgAL//8AAAAIAA0AGgAkAP8AAAAAAAACAQAAAAAAAAAFAAAAAAAAAAAAAAAAAAAEaQ==}}
@Manual{R-base,
  title = {R: A Language and Environment for Statistical Computing},
  author = {{R Core Team}},
  organization = {R Foundation for Statistical Computing},
  address = {Vienna, Austria},
  year = {2019},
  url = {https://www.R-project.org/},
}
@Manual{R-broom,
  title = {broom: Convert Statistical Analysis Objects into Tidy Tibbles},
  author = {David Robinson and Alex Hayes},
  year = {2019},
  note = {R package version 0.5.2},
  url = {https://CRAN.R-project.org/package=broom},
}
@Manual{R-citr,
  title = {citr: 'RStudio' Add-in to Insert Markdown Citations},
  author = {Frederik Aust},
  year = {2018},
  note = {R package version 0.3.0},
  url = {https://CRAN.R-project.org/package=citr},
}
@Manual{R-devtools,
  title = {devtools: Tools to Make Developing R Packages Easier},
  author = {Hadley Wickham and Jim Hester and Winston Chang},
  year = {2019},
  note = {R package version 2.1.0},
  url = {https://CRAN.R-project.org/package=devtools},
}
@Manual{R-dplyr,
  title = {dplyr: A Grammar of Data Manipulation},
  author = {Hadley Wickham and Romain François and Lionel Henry and Kirill Müller},
  year = {2019},
  note = {R package version 0.8.1},
  url = {https://CRAN.R-project.org/package=dplyr},
}
@Book{R-ggplot2,
  author = {Hadley Wickham},
  title = {ggplot2: Elegant Graphics for Data Analysis},
  publisher = {Springer-Verlag New York},
  year = {2016},
  isbn = {978-3-319-24277-4},
  url = {https://ggplot2.tidyverse.org},
}
@Book{R-knitr,
  title = {Dynamic Documents with {R} and knitr},
  author = {Yihui Xie},
  publisher = {Chapman and Hall/CRC},
  address = {Boca Raton, Florida},
  year = {2015},
  edition = {2nd},
  note = {ISBN 978-1498716963},
  url = {https://yihui.name/knitr/},
}
@Manual{R-papaja,
  author = {Frederik Aust and Marius Barth},
  title = {{papaja}: {Create} {APA} manuscripts with {R Markdown}},
  year = {2018},
  note = {R package version 0.1.0.9842},
  url = {https://github.com/crsh/papaja},
}
@Manual{R-usethis,
  title = {usethis: Automate Package and Project Setup},
  author = {Hadley Wickham and Jennifer Bryan},
  year = {2019},
  note = {R package version 1.5.0},
  url = {https://CRAN.R-project.org/package=usethis},
}
